3125 4934
317 446 403 518 ‘¹9⁸
661 430 933 497 m
986 495 993 513 ‚

675 548 851 733 cvm.
907 694 962 720 -.
1066 658 1068 663 ·

267 780 467 935 curua
505 820 1002 1034 EMANCCfffflONE
1055 822 1297 971 curvom-

259 1120 335 1303 'In
350 1136 499 1215 nomine
518 1134 672 1214 Domini
687 1134 823 1214 Amen.
874 1138 938 1216 Ad
955 1083 1212 1217 universorum
1229 1142 1295 1219 Nor

335 1256 562 1349 Egoeoardus
587 1254 790 1351 Preposr'tus
806 1270 998 1352 totumque
1014 1257 1218 1351 capitulum
1239 1260 1295 1341 Ec·

269 1366 377 1445 elene
393 1366 591 1447 Mindensrs
609 1384 738 1447 tenore
754 1367 979 1467 presencium
1008 1372 1223 1447 deducimus
1239 1396 1294 1449 no·

229 1476 232 1481 ’
258 1478 413 1572 titiam,
447 1476 724 1574 quodomnium
749 1480 912 1585 nostrum
939 1499 1096 1575 quornm
1128 1481 1295 1559 intererat

260 1598 464 1675 'accedente
478 1580 649 1673 consensu
663 1598 826 1675 unanimi
841 1602 982 1694 pariter
1001 1596 1036 1671 dr
1060 1596 1200 1674 assensn
1216 1622 1293 1674 con·
1318 1442 1329 2013 ι

271 1715 435 1793 fideratis
463 1716 628 1816 diligenti
646 1717 777 1812 previa
795 1717 1057 1792 deliberatione
1072 1718 1295 1794 comdemn-

244 1831 326 1907 ..dis
343 1852 386 1906 ac
400 1826 551 1907 servatis
567 1829 688 1905 debite
700 1816 735 1906 δι’
749 1830 913 1932 legitime
928 1829 1113 1907 servandis
1125 1822 1293 1908 statutum

257 1936 382 2043 [super
408 1942 696 2047 emancipatione
724 1942 996 2021 Canonicorum'
1015 1951 1153 2033 editum
1177 1975 1225 2029 ex
1248 1952 1294 2051 ju·

251 2053 383 2138 “uiso
404 2061 686 2137 racionabilibus
702 2059 814 2136 caufis
832 2082 897 2136 nos
910 2060 1143 2140 moventibus
1154 2068 1191 2143 in
1212 2090 1292 2145 non·

254 2164 380 2279 {nullis
397 2173 467 2253 suis
485 2170 651 2251 clausulis
668 2172 701 2249 dr
717 2173 880 2251 articulis
896 2196 1080 2277 nunquam
1100 2177 1292 2260 frndlunfis

271 2289 495 2369 &invalidis
516 2287 622 2389 juxta
646 2284 790 2365 cursum
813 2287 850 2362 dr
880 2291 1089 2384 qualitatem
1119 2290 1292 2391 presentie

266 2404 443 2500 temporis
460 2400 638 2477 &statum
652 2400 771 2476 nostre
786 2401 939 2478 Ecclese
953 2400 1158 2481 reformare
1174 2430 1291 2489 emen·

253 2508 356 2590 ¹dare
387 2512 423 2586 ἀ
439 2511 620 2587 inm'elius
643 2526 891 2601 commutare,
917 2510 1071 2609 quedam
1099 2517 1211 2595 etiam
1235 2540 1293 2596 ne·

269 2623 418 2705 cellaria
437 2624 473 2699 dr
491 2625 596 2700 utilia
610 2622 707 2697 aluo
729 2624 861 2700 statuto
877 2627 1012 2700 addere
1028 2626 1216 2724 cupientes
1237 2652 1291 2708 or·

269 2738 520 2815 dinavimusdr
539 2741 764 2817 emendando
780 2741 967 2817 statuimus
983 2745 1028 2817 ad
1052 2765 1197 2822 omnem
1216 2772 1291 2827 cra·

266 2858 392 2958 polam
418 2854 771 2934 &commessationis
794 2857 984 2932 materiam
1016 2869 1291 2959 amputandam,

269 2974 370 3070 quod
389 2969 595 3069 quicunque
616 2993 770 3046 exnunc
791 2971 877 3046 &in
895 2978 1001 3046 antea
1020 2973 1056 3048 in
1068 2974 1292 3056 canonicum

266 3088 387 3165 nostre
411 3085 555 3185 ecclesie
584 3087 741 3176 elesius,
785 3102 954 3180 receptus
976 3096 1040 3161 'aut
1062 3112 1292 3191 qtluctunque
1334 3168 1335 3173 a

266 3196 485 3289 auetoritate
514 3192 681 3271 admissus
705 3193 837 3282 fuerit,
867 3196 948 3270 loco
967 3196 1206 3297 cibariorium
1230 3199 1293 3280 seu

264 3308 491 3385 serculorum
508 3303 611 3380 nobis
628 3304 772 3401 vicariis
797 3302 873 3400 alijs
896 3302 1114 3389 beneficiatis
1131 3307 1166 3380 dr
1188 3310 1291 3388 '0ffi.

266 3428 367 3507 ciatis
385 3419 538 3498 Ecclesre
553 3419 672 3496 nostre
686 3417 790 3519 juxta
807 3423 955 3495 modum
976 3419 1009 3494 dr
1026 3435 1190 3501 tenorem
1202 3426 1292 3505 alui

265 3544 389 3626 statuti
403 3543 590 3638 bucusque
606 3539 684 3615 dari
700 3539 956 3616 consuetorum
967 3560 1036 3636 que
1053 3562 1122 3636 per
1136 3542 1293 3624 abusum

262 3683 405 3746 tantum
425 3657 963 3754 invalueruntdrmultiplicata
985 3655 1088 3765 sunt,
1120 3663 1220 3757 quod
1242 3665 1305 3740 ad-

264 3798 394 3859 eorum
416 3772 714 3850 ministrationem
731 3770 796 3844 vix
815 3769 893 3865 quis
917 3771 1107 3846 commode
1134 3770 1291 3879 sufficie.

263 3898 348 3986 bat,
385 3890 504 3982 dabit,
541 3887 658 3968 solvet
684 3889 721 3965 dr
749 3886 966 3965 ministrabit
989 3887 1291 3986 emancipationis

260 4012 325 4090 sue
343 4027 508 4105 tempore
531 4021 725 4102 antequam
742 4006 787 4079 de
802 4024 949 4078 carcere
975 4004 1154 4097 eripiatur
1178 4006 1290 4083 certis
1318 4106 1322 4111 .

261 4121 513 4227 provisoribus
536 4141 604 4218 per
628 4139 693 4198 nos
716 4118 763 4195 ad
786 4118 857 4194 hoc
882 4111 1151 4216 reputatioseu
1165 4117 1203 4192 in
1225 4140 1292 4197 an·

1179 4245 1242 4309 tea
