3125 4934
417 446 537 533 fut
714 422 721 429 ’
779 378 1065 502 ‘W
1122 384 1124 389 Ι

418 642 457 719 'te
474 633 628 714 Eeelelie
646 620 846 711 unirenns
861 630 1109 729 pretailepar
1124 612 1189 710 u'os
1209 649 1277 711 aut
1299 635 1416 717 inhabi

398 734 575 829 ¹tatu'rem
590 749 749 847 ejusdem
764 746 866 823 curie
877 745 1029 848 singulis
1050 750 1152 825 aunis
1176 751 1212 824 in
1236 749 1327 827 festo
1344 751 1416 832 beu

396 860 597 943 Michaelis
617 855 844 957 Archangeli
869 857 1020 933 realiter
1039 855 1076 931 de
1104 858 1273 954 expedite
1301 869 1416 958 perso]

395 1016 398 1025 ·
415 979 555 1058 vendas
567 996 639 1073 pro
655 973 779 1049 decem
795 968 923 1045 dono
940 971 1071 1046 marcis
1088 969 1319 1052 denariorum
1330 980 1416 1061 Osm

396 1082 649 1199 ·burgeufium
665 1091 770 1167 nubis
792 1086 983 1185 apresens
1000 1088 1091 1165 Dilis
1107 1090 1255 1169 Deeano
1276 1095 1311 1171 ἀ
1327 1090 1416 1199 Capi

399 1212 503 1295 tulo,
528 1232 572 1288 ac
597 1203 758 1302 'Viearijs
778 1202 931 1279 nerins
964 1202 1214 1301 &persolutis
1246 1212 1416 1308 perpetui

368 1348 372 1359 '
394 1327 639 1427 'temporibus
651 1319 938 1420 poilldeudosad
951 1325 1201 1421 peragendum
1216 1333 1416 1409 memorien

396 1444 562 1528 'Domini
584 1436 738 1516 (unrado
761 1434 942 1530 quondam
966 1433 1135 1512 Redioris
1158 1442 1416 1537 capellesanil

392 1598 396 1605 ·
415 1558 554 1654 Georgii
569 1557 606 1631 iti
624 1549 822 1626 emunitate
838 1547 933 1622 dine
949 1548 1149 1658 Mindeusts
1166 1558 1310 1636 ecclesie
1324 1561 1416 1641 fitua

407 1692 446 1755 te
464 1675 525 1771 qui
545 1668 698 1744 eandem
717 1660 893 1738 summam
914 1665 1067 1757 pecunie
1089 1667 1127 1742 in
1150 1671 1363 1750 testamento
1385 1700 1416 1753 at

391 1791 492 1871 'usur
517 1760 762 1867 uomtno‘rum
792 1781 930 1858 Decani
959 1782 1176 1884 &Capituli
1199 1813 1242 1864 ac
1264 1791 1416 1875 vicario·

369 1918 491 1990 frum
521 1896 773 2005 predifiiorum
807 1896 973 1969 donando
997 1895 1136 2000 legavit
1160 1900 1195 1975 a
1221 1902 1416 2006 affignavit

404 2015 654 2124 pradiliorum
669 2022 792 2086 autem
807 2006 1017 2093 reddituum
1036 2013 1239 2091 distributio
1257 2017 1328 2097 hoc
1348 2046 1416 2101 mu

353 2198 357 2207 .
383 2144 387 2153 '
406 2137 453 2211 do
469 2129 658 2222 servetur,
687 2121 734 2195 ad
749 2120 935 2197 candelam
951 2121 987 2196 ἃ
1003 2120 1224 2207 oblationem
1243 2129 1416 2221 sexdecim

401 2248 538 2347 denarii
552 2237 770 2335 camerariis
786 2255 944 2337 quatuor
953 2242 1044 2317 dent
1070 2251 1310 2343 campanariis
1333 2280 1416 2353 qua.

401 2384 489 2445 tuor
503 2366 589 2439 deu:
605 2353 888 2433 acSchularibus
905 2377 996 2431 unus
1013 2355 1144 2437 solidus
1160 2360 1416 2452 ministrentur.

400 2484 584 2580 reliquum
602 2495 693 2550 vero
715 2473 814 2569 quod
829 2469 1050 2569 superfuerit
1065 2477 1160 2557 inter
1176 2485 1371 2579 canonicus¹
1390 2499 1416 2573 n

380 2588 555 2671 'vicarios
580 2588 727 2686 quipru
745 2584 832 2660 tunc
847 2586 978 2663 diuinis
996 2582 1230 2673 interfuerint
1243 2609 1416 2701 equaliter

244 2747 247 2757 ·
400 2706 599 2781 dividetur.
650 2701 690 2776 Iu
706 2709 867 2796 quorum
888 2702 1049 2779 omnium
1073 2709 1314 2795 testimouium
1329 2725 1416 2830 figli-

397 2818 475 2895 lum
508 2815 672 2890 nostrum
707 2810 941 2909 apposuimus
967 2817 1053 2911 huic
1077 2818 1209 2923 scripto
1234 2828 1300 2910 sub
1324 2863 1416 2919 annu

367 3020 378 3033 Α
397 2922 1030 3017 DominiMillefimo·trieentefinru
1052 2929 1272 3039 sexagesimo
1287 2936 1416 3049 quartu

394 3063 432 3138 iu
450 3041 579 3145 vigilie
601 3034 697 3143 beati
711 3038 898 3133 Laurentii
915 3041 1124 3123 Manain·
1171 3056 1416 3148 lituusDeca·¹

393 3183 461 3235 nus
492 3155 527 3230 eir
551 3152 761 3249 Capitulum
784 3152 937 3230 rectene
964 3155 1162 3244 Mindeusrs
1183 3176 1351 3265 predidle
1374 3210 1416 3264 ex

392 3295 495 3351 mera
510 3269 732 3362 liberalitate
747 3271 849 3345 nullo
865 3274 972 3367 padio
985 3273 1046 3353 seu
1062 3288 1269 3368 conditione
1282 3276 1416 3393 pre've.

391 3380 514 3456 niente
529 3377 772 3455 'eoueeffimus
801 3383 960 3479 gratiam
982 3387 1067 3464 Dfiu
1096 3399 1214 3475 Orioni
1233 3407 1276 3481 de
1295 3409 1416 3494 Mulae

391 3491 577 3568 Canuuieo
599 3491 722 3567 nostro
742 3493 909 3587 prediuo
933 3493 994 3571 seu
1017 3499 1071 3576 illi
1094 3507 1157 3600 qui
1181 3517 1332 3596 eandem
1356 3550 1416 3602 cu.

365 3638 369 3659 t
388 3603 482 3679 riam
499 3603 671 3679 habuerit
690 3601 751 3679 seu
764 3605 1027 3687 inhabitaverit
1046 3622 1144 3712 quud
1157 3628 1343 3717 predium
1358 3643 1416 3716 vi·

389 3711 482 3810 giuti
498 3726 657 3804 quatuor
670 3709 866 3789 solidorum
884 3720 1044 3796 redditus
1062 3730 1228 3822 quolibet
1245 3759 1341 3818 anuo
1358 3750 1414 3826 iu·

387 3824 445 3898 fra
467 3820 556 3897 felia
579 3827 778 3902 nativitatis
800 3829 834 3903 de
858 3834 1058 3927 lipiphanie
1075 3842 1224 3926 Domini
1245 3869 1413 3944 reemere

383 3931 533 4026 poliunt
546 3958 614 4030 pru
630 3935 769 4017 summa
780 3944 1133 4039 pecunieantedit'la.
1185 3966 1224 4038 lu
1240 3972 1343 4070 cujus
1357 3983 1412 4062 rei

373 4047 631 4129 'testimouium
645 4052 807 4156 figillum
822 4061 985 4141 nostrum
1002 4091 1075 4165 quo
1091 4076 1230 4158 utimur
1254 4092 1301 4166 ad
1324 4119 1412 4177 cau.

429 4165 447 4198 '
470 4182 504 4252 9·
524 4168 610 4265 ¹³⁰2·
1184 4270 1187 4276 .
1280 4207 1363 4291 las
