3125 4934
176 570 178 574 Ι
310 470 379 544 192
641 452 911 522 m

258 662 336 726 tam
352 647 390 724 in
407 648 537 727 divinis
564 669 673 748 quarn
695 642 778 746 alijs
801 648 932 726 debitis
958 646 1139 755 obsequiis
1156 672 1200 735 ut
1213 655 1289 757 piu·

258 766 396 844 rituum
421 766 518 863 passa
543 770 593 845 est
616 767 651 841 dr
677 765 755 863 pati
779 766 878 863 impu
912 790 1014 846 erum
1046 774 1289 857 verisimiliter

154 982 157 989 Ι
260 886 343 983 plus
368 883 545 981 timetur
577 904 644 960 nos
668 874 839 979 hujusnro
904 886 1115 982 periculose
1145 888 1289 965 dilacio·

259 1006 366 1081 nibus
398 1003 589 1079 fraudibus
621 998 656 1076 u
693 997 885 1099 dispendiis
932 1006 1085 1085 obviare
1126 1013 1313 1085 volentes·

256 1116 459 1217 adjiciendo
475 1116 661 1191 statuimus
678 1112 714 1187 dc
732 1113 940 1195 ordinamus
953 1136 992 1196 ut
1008 1118 1287 1238 quicunqueCa·

256 1235 407 1314 nonicus
422 1235 459 1310 in
473 1238 594 1312 nostra
611 1226 756 1309 ecclesra
771 1234 816 1310 de
834 1252 956 1313 cetero
971 1239 1120 1318 elesius
1119 1263 1285 1363 receptus

258 1350 321 1431 seu
330 1349 494 1429 admtisus
510 1352 638 1444 fuerit,
653 1348 748 1427 infra
761 1372 896 1429 annum
915 1379 934 1431 ιι
955 1366 1123 1454 tempore
1138 1358 1202 1438 sue
1221 1354 1286 1437 ele·

260 1464 391 1545 filionis
404 1462 621 1561 proviuoms
638 1460 675 1536 e
692 1464 911 1562 receptionis
928 1466 1167 1561 pacificorum
1182 1468 1289 1549 tonti-

259 1602 332 1660 uue
349 1579 615 1655 numerandum
623 1572 897 1673 seemancipare
913 1577 1033 1657 facere
1050 1585 1183 1660 debeat
1198 1587 1287 1667 titte-

260 1696 478 1793 natnrjurcta
489 1692 672 1790 supradict
674 1710 779 1770 orum
791 1692 1138 1789 &presentisilatuti
1151 1701 1289 1779 streon-

265 1812 456 1893 dinationis
472 1812 623 1887 modum
642 1811 902 1887 continenciam
922 1802 1145 1914 &tenorem
1158 1819 1225 1919 nist
1243 1818 1289 1899 se·

260 1914 628 2027 cumperCaprtulum
638 1922 698 2002 seu
708 1946 883 2027 majorem
893 1925 1139 2011 scusantorem
1150 1954 1289 2031 partem

260 2050 370 2150 ipsius
385 2040 436 2123 ad
451 2062 564 2121 unum
589 2040 651 2118 vel
673 2043 719 2118 ad
742 2040 832 2117 duos
853 2060 965 2121 annos
980 2048 1141 2147 primum
1159 2071 1290 2135 aunum

259 2164 468 2255 immediate
497 2158 533 2238 st
557 2162 727 2239 continue
749 2152 936 2259 sequentes
959 2163 1073 2267 fuerit
1106 2186 1155 2246 ert
1186 2170 1310 2251 certis

262 2282 375 2369 causus
392 2278 663 2396 dispensatum,
688 2302 798 2379 quam
817 2285 1029 2378 potestatem
1048 2260 1152 2364 nibis
1167 2278 1210 2365 'tiz
1230 2312 1290 2367 no·

260 2407 340 2485 ilris
365 2386 623 2479 suecessoribus
629 2392 848 2502 specialiter
876 2401 910 2475 de
939 2394 1105 2500 expresse-
1128 2405 1289 2487 reserva·

260 2537 355 2608 mus,
382 2537 449 2594 nec
469 2515 616 2595 interim
629 2534 823 2615 antequam
838 2508 886 2593 stc
899 2515 1146 2629 emancipatus
1166 2522 1289 2635 suerit

259 2649 472 2733 permutare
500 2633 637 2731 poterit
666 2657 733 2712 uec
766 2631 934 2722 debebit,
962 2632 1132 2735 quodque
1163 2638 1288 2740 hujus·

259 2742 360 2826 modi
392 2746 657 2823 ordinationem
679 2743 754 2820 five
782 2740 953 2820 statutum
980 2767 1051 2822 una
1081 2772 1164 2826 cunt
1195 2752 1287 2830 disto

261 2863 387 2958 priore
403 2862 533 2937 statuto
550 2858 717 2965 tempore
739 2850 801 2933 suc
817 2855 1035 2954 receptionis
1052 2862 1087 2936 tic
1111 2850 1290 2943 admiil'to·¹
1326 2884 1327 2891 ‘

262 2979 318 3055 nis
334 2996 403 3076 per
418 2970 453 3052 se
466 2978 525 3051 vel
544 2993 822 3072 procuratorem
841 2973 943 3051 snum
960 2975 995 3052 u
1011 2998 1093 3054 cum
1112 2979 1157 3053 ad
1178 2984 1290 3059 eccle·
1325 2924 1328 3033 i

260 3087 1291 3191 iiamveneritpersonaliterjurabitseinviolabiliterser·

262 3224 450 3303 naturum.
506 3200 684 3279 Volumus
712 3201 860 3303 inlirper
884 3207 918 3280 u
944 3203 1171 3303 presentibus
1195 3198 1305 3288 ordi.

261 3319 501 3417 nemusquod
521 3313 710 3393 Canonicis
726 3317 763 3393 in
784 3317 903 3397 nostra
922 3316 1149 3420 ecclefiaja‘m'
1163 3322 1294 3424 ¹recep·

260 3434 308 3517 tis
327 3434 489 3517 noudum
511 3433 743 3532 emancipatis
760 3432 868 3512 liceat
883 3435 918 3510 dr
935 3433 970 3512 in
993 3434 1140 3532 optione
1165 3435 1209 3513 fit
1234 3460 1296 3515 eu·

264 3568 348 3626 rum
368 3548 501 3627 diuam
516 3546 702 3623 Summam
721 3543 911 3620 duodecim
929 3561 1134 3621 marcarum
1151 3564 1221 3641 pro
1241 3546 1297 3624 dl·

176 3648 179 3655 ’
264 3655 495 3738 eistetentis
513 3672 553 3732 ut
576 3652 803 3752 premittitur
821 3654 963 3730 solvere
980 3655 1039 3728 vel
1058 3653 1155 3727 didla
1173 3652 1297 3733 fercu-

261 3776 300 3854 la
325 3788 437 3871 prout
454 3770 662 3851 consuetum
695 3769 745 3845 est
772 3754 945 3855 hadiertus'
965 3766 1044 3843 fieri
1068 3762 1297 3860 ministrare,

262 3909 331 3986 per
345 3885 548 3986 presentem
566 3900 657 3959 uero
677 3883 941 3958 ordinationem
958 3874 1217 3957 sve'ilatutunu
1228 3904 1309 3956 no.v

264 4001 383 4077 lumus
412 4021 480 4075 nec
503 3993 721 4071 intendimus
761 3988 927 4087 predislo
952 3988 1070 4086 priori
1100 3989 1236 4064 statuto
1258 3990 1298 4075 in

264 4118 353 4197 uino
372 4114 408 4194 dc
428 4114 466 4193 in
479 4108 641 4215 pecuniis
656 4109 760 4188 nobis
780 4105 1000 4185 beneficiatis
1026 4102 1203 4182 officiatis
1234 4101 1298 4182 seu

1089 4235 1245 4334 quibus·
