3125 4934
323 468 394 549 278
649 461 917 535 &m

276 642 355 724 filio
378 638 563 721 &assensu
582 642 793 722 Reverendi
812 645 849 723 in
874 644 1015 723 Chrilio
1031 644 1145 723 Patris
1173 646 1210 721 de
1227 642 1298 723 Do·

278 760 366 841 mini
394 756 467 834 Dm
492 761 646 839 Heinrici
668 766 739 845 Dei
758 767 802 843 dr
825 764 1038 863 Apostolice
1062 763 1154 841 sedis
1181 762 1293 861 gratia

280 870 446 972 Episcopi
464 871 661 953 Mindenlis
676 897 851 975 quantum
874 873 1056 973 poliumus
1076 870 1293 971 predecello·

278 1013 361 1073 rum
378 988 582 1067 nostrorum
592 993 748 1094 vestigiis
760 996 965 1071 inherentes
974 1013 1042 1089 per
1055 988 1218 1069 salubria
1232 989 1291 1065 lla-

278 1119 357 1182 tuta
372 1102 525 1177 obviare
540 1104 802 1201 priorallatuta
818 1108 971 1182 lucidius
990 1106 1191 1201 explanare
1208 1100 1242 1177 dr
1258 1100 1294 1187 ill·

277 1217 407 1295 melius
427 1214 649 1311 reformare,
674 1220 757 1297 sane
780 1222 901 1298 varias
925 1213 1148 1321 dissensiones
1174 1212 1213 1289 in
1237 1233 1290 1289 nu·

153 1404 159 1431 .,
257 1338 334 1445 'vis
361 1336 538 1414 canonicis
563 1338 737 1437 eligendis
755 1337 839 1438 sepe
866 1339 1030 1415 subortas
1049 1318 1290 1432 precludeodo

278 1463 415 1539 dudum
433 1459 601 1534 statutum
624 1460 744 1537 fultio
762 1463 879 1561 priori
893 1458 1013 1536 nostro
1034 1458 1208 1554 capitulo
1226 1454 1290 1528 Ge-

277 1584 410 1668 nerali,
439 1584 534 1675 quod
553 1581 726 1658 Canonicl
742 1580 872 1683 majori
890 1582 1076 1681 prebenda
1092 1577 1291 1677 prebenda·

275 1708 304 1781 ti
328 1698 593 1797 &emancipati
614 1701 806 1780 secundum
821 1702 994 1780 ¹Gradum
1017 1699 1055 1776 dc
1068 1686 1292 1776 mmdm-vi-

277 1821 406 1898 delicet
427 1842 447 1893 a
463 1818 592 1894 seniori
606 1843 719 1918 usque
733 1825 778 1897 ad
794 1822 957 1899 infimum
975 1820 1157 1921 grsdmun
1174 1814 1291 1892 debo-

274 1935 329 2015 nis
344 1933 626 2029 adprehendam
647 1951 833 2012 vacantem
854 1930 1112 2033 presentare&
1131 1932 1293 2028 nomina·

275 2069 316 2126 re
334 2046 522 2143 personam
546 2046 676 2123 abilam
700 2048 903 2151 &legalem
927 2046 1121 2126 secundum
1146 2048 1294 2145 antiqua

274 2163 405 2240 llatuta
426 2161 462 2238 de
478 2163 675 2239 laudabiles
691 2161 966 2243 consuetudines
984 2162 1159 2238 hactenns
1174 2163 1293 2237 inviu-

274 2279 435 2359 labiliter
453 2277 684 2377 observatas,
709 2280 871 2378 ficquod
900 2305 945 2357 ex
968 2297 1125 2376 utroque
1142 2294 1294 2375 parente

273 2401 318 2477 dc
335 2399 448 2475 nobili
465 2415 529 2473 aut
548 2399 696 2475 militari
714 2420 849 2499 genere
863 2398 898 2472 dr
914 2398 1078 2500 legitimo
1094 2397 1205 2475 thoro
1218 2398 1300 2474 exi--

271 2523 339 2598 ssat
364 2539 576 2617 procreatus
602 2523 699 2618 quod
719 2541 766 2597 ex
793 2536 921 2617 quarta
946 2540 1052 2596 manu
1078 2520 1292 2598 militarium

271 2643 391 2722 medio
410 2663 536 2718 eornm
551 2643 752 2738 juramento
763 2645 922 2718 ostendet
939 2639 1000 2735 qui
1018 2660 1099 2723 cum
1117 2637 1188 2714 suis
1203 2641 1292 2718 ami·

270 2760 320 2837 cis
345 2760 381 2832 d
401 2758 610 2854 potentibus
629 2760 784 2834 nostram
802 2755 992 2836 Ecclessam
1019 2758 1064 2828 de
1088 2755 1290 2836 iocurssuus

269 2877 473 2972 predonum
487 2890 676 2969 raptorum
689 2874 992 2950 incendiariorum
1009 2868 1197 2947 defenlbre
1213 2870 1291 2969 pos·

268 2989 335 3079 set,
350 2991 436 3065 huic
450 2990 581 3064 statuto
596 2990 706 3064 nichil
724 2989 948 3064 detrahendo
964 2984 1022 3063 sed
1039 2986 1155 3086 magis
1174 2987 1289 3085 ipsum
1309 3059 1315 3067 .

269 3105 543 3183 corroborando
562 3105 745 3179 statuimus
762 3105 1013 3179 conllitutiooe
1030 3120 1210 3198 perpetuo
1228 3128 1290 3181 va·

267 3223 400 3311 litura,
426 3221 523 3315 quod
550 3240 656 3292 nemo
683 3222 849 3316 deinceps
874 3223 917 3296 de
949 3218 1139 3297 eanonicis
1164 3218 1292 3295 saltem

266 3329 397 3425 majori
429 3325 616 3424 prebenda
647 3326 879 3422 prebendatis
914 3326 1204 3422 &emancipatis
1243 3330 1287 3406 ad

267 3469 375 3546 quem
400 3466 445 3520 ex
462 3442 588 3518 ordine
608 3441 759 3517 facultas
777 3442 985 3519 nominandi
1012 3438 1288 3536 &presentandi

266 3558 435 3631 deveniet
452 3556 556 3630 aliam
575 3555 762 3650 perl'onam
790 3581 895 3652 psam
924 3571 964 3631 ut
986 3551 1198 3652 prensiffuns
1224 3577 1288 3631 no-

264 3678 380 3753 minet
396 3675 428 3748 dc
447 3671 641 3768 presentet,
662 3675 757 3770 quod
777 3675 800 3749 ir
820 3674 915 3751 secus
932 3699 952 3748 a
969 3695 1152 3773 quoquam
1171 3675 1290 3768 lieret,

264 3817 335 3871 non
351 3796 566 3870 admittetur
587 3793 645 3870 sed
674 3793 754 3869 talis
775 3795 1016 3896 transgressor
1038 3793 1143 3868 cadet
1164 3816 1186 3869 a
1207 3790 1286 3890 jure

263 3907 492 4004 presentandi
520 3909 779 3984 denominandi
802 3932 845 3984 ae
865 3908 943 4004 ipso
961 3908 1059 3986 fabio
1075 3904 1285 3985 inobediens

261 4045 283 4098 a
302 4023 415 4099 choro
442 4021 726 4117 &perceptione
743 4018 929 4097 frulluum
951 4019 1138 4118 prebende
1163 4017 1207 4096 fit
1230 4017 1286 4092 su·

258 4137 404 4242 spensus
425 4145 546 4221 donec.
559 4142 603 4217 de
622 4154 833 4237 contemptu
855 4140 1072 4245 condignam
1096 4137 1288 4218 eruendam

1090 4255 1237 4354 fecerit,
