3125 4934
237 830 328 1413 ¹

660 490 930 564 m
1200 516 1270 593 roc

295 679 397 758 mino
411 677 627 770 caritatem,
655 681 747 758 Cum
764 703 808 757 ca
823 705 1160 782 quenonuunquam
1184 685 1322 787 salubri

294 799 445 897 pensato
467 799 652 895 proposito
671 800 812 876 utiliter
831 801 1070 899 disponuntur
1085 829 1130 882 ex
1145 805 1319 904 superve-

294 917 479 991 nientibus
492 941 559 995 nec
574 918 806 1019 precogitatis
823 919 933 997 caufis
951 945 1101 1023 gravem
1119 923 1152 1003 a
1167 930 1318 1009 noxium

292 1026 473 1109 inducunt
497 1032 667 1110 effedlum
685 1036 720 1109 d'c
740 1035 788 1111 fic
810 1059 891 1112 cum
917 1040 1047 1115 melius
1079 1040 1317 1142 perspicitur,

292 1171 532 1247 revocantur,
557 1177 713 1252 cumque
728 1156 866 1231 dudum
880 1159 1071 1234 retroadlis
1088 1166 1315 1259 temporibus
1407 1222 1409 1229 .

293 1266 480 1360 quondam
503 1266 767 1353 Venerabilis
756 1291 794 1343 ιιι
828 1267 968 1353 Christo
992 1269 1098 1347 Pater
1125 1273 1317 1385 Godfriclus

293 1396 352 1492 pic
371 1414 464 1470 rec·
496 1394 694 1479 Mindensrs
720 1388 916 1492 Episcopus
947 1380 1174 1490 predecessor
1196 1408 1318 1511 noster
1367 1380 1380 1395 *

294 1520 441 1598 devotis
455 1518 775 1619 supplicationibus
792 1519 983 1598 Abbatisse
997 1522 1205 1619 Priorissedc
1219 1532 1316 1610 eon

291 1632 437 1720 ventus·
441 1636 654 1737 Monasterij
669 1636 993 1715 sandlimonialium
1003 1642 1094 1715 lacus
1101 1641 1217 1739 sande
1231 1648 1316 1727 Ma
1373 1723 1378 1729 .

291 1756 349 1832 ric
346 1752 480 1829 nostre
504 1752 605 1827 dioc:
630 1752 676 1824 ad
699 1751 797 1847 quud
817 1749 962 1847 quidem
986 1757 1267 1837 monasterium
1257 1784 1313 1858 Jus

292 1868 507 1967 patronatus
522 1865 740 1962 parochialis
775 1864 965 1941 Ecclesre
955 1888 992 1942 ru
1014 1865 1114 1964 Baffc
1139 1874 1317 1964 pertinuit

273 1986 434 2091 pleno
422 2006 525 2082 pure,
551 1985 611 2078 pia
628 1983 912 2061 consideratione
932 1981 1189 2063 favorabiliter
1211 1991 1314 2068 iucli·
1346 2074 1353 2097 χ

292 2118 410 2178 natus
423 2098 624 2197 predidlam
646 2098 840 2175 Ecclebam
867 2098 904 2174 iu
928 2095 1029 2194 Baffe
1050 2097 1167 2174 eidem
1187 2123 1314 2180 mona·
1371 2182 1373 2186 ,

289 2219 399 2295 slerlo
415 2215 580 2290 univerit
601 2214 894 2309 incorporaverit
924 2210 998 2288 seu
1013 2214 1204 2290 donaverit
1225 2236 1312 2295 con·-

290 2336 390 2417 seusu
414 2337 574 2442 Capituli
597 2338 815 2432 accedente,
847 2359 955 2412 nuuc
979 2356 1050 2433 que
1071 2358 1118 2411 ex
1141 2333 1208 2434 hijs
1240 2364 1312 2438 quc

291 2472 458 2550 tempore
474 2450 680 2544 hujusmodi
701 2452 843 2527 unionis
859 2451 1161 2548 incorporationis
1177 2453 1312 2532 seudo

289 2568 446 2649 nationis
468 2562 662 2661 previderi
667 2585 737 2638 non
753 2580 925 2675 poterant
940 2563 1035 2639 inter
1048 2563 1216 2660 personas
1231 2591 1311 2645 mo-

291 2675 777 2771 nasteriiArchidyacunum
800 2678 869 2751 loci
891 2699 935 2751 ex
955 2677 1173 2776 interposstis
1194 2684 1316 2778 pactis

288 2794 556 2876 conditionibus
568 2791 912 2889 utfrequenterlnes
921 2818 962 2871 ac
970 2795 1311 2882 discordrehabean

288 2930 375 3008 tur,
409 2932 475 2985 nos
497 2907 618 3092 debit
641 2906 925 2999 consideratione
959 2911 1120 2986 adhibita
1146 2918 1282 3014 quod
1271 2948 1310 3003 ru

237 3020 428 3135 {hucac}
429 3045 490 3096 utu
501 2930 618 3116 estqt
602 3020 733 3095 tamvis
750 3038 836 3097 tunc
851 3023 1008 3120 provide
1021 3025 1190 3102 videlicet
1205 3032 1310 3106 unio.

287 3167 371 3223 uem
407 3139 737 3232 incorporationem
765 3136 840 3213 scu
875 3142 1107 3216 donacionem
1145 3149 1310 3241 predidle

287 3251 464 3332 ecclesa
454 3273 490 3324 m
512 3246 677 3322 omnibus
700 3248 769 3324 suis
792 3251 905 3346 podiis
932 3254 1201 3332 condicionibus
1224 3285 1308 3341 cum

279 3365 457 3451 ’consensu
477 3366 591 3440 tocius
608 3366 716 3440 nostri
735 3367 884 3461 capituli
901 3394 968 3444 nec
989 3395 1062 3445 non
1083 3360 1307 3457 honorabilis

286 3496 358 3567 virt
348 3487 438 3563 ‘Vol
437 3479 723 3576 cmariPr'epostti
750 3477 862 3559 satiati
885 3485 1055 3569 Jooannis
1081 3491 1151 3566 loci
1172 3478 1310 3568 Archi·
1316 3546 1318 3551 -

285 3601 440 3709 dyaconi
460 3621 503 3674 ac
526 3598 634 3671 etiam
651 3595 821 3692 Preposrti
836 3596 1026 3674 Abbatisse
1045 3578 1080 3676 tic
1099 3603 1265 3680 Couvt
1179 3621 1265 3681 eut
1268 3631 1308 3687 us

283 3708 490 3804 monasteri]
516 3708 709 3784 memorati
731 3724 860 3784 tenore
889 3708 1124 3805 presentium
1133 3712 1307 3791 solvitnus

284 3836 315 3909 d
334 3829 480 3930 penitus
496 3847 710 3902 revocamus
728 3848 769 3900 ac
786 3849 844 3901 om
832 3826 907 3902 mia
923 3827 959 3902 iu
971 3829 1098 3906 statum
1117 3831 1308 3929 pristinum

282 3944 490 4027 reducendo
510 3939 764 4017 utAbbatiffis
787 3964 856 4037 qua
887 3964 955 4039 pro
979 3959 1144 4040 tempore
1169 3944 1307 4022 fuerint

281 4069 334 4162 jus
350 4070 563 4154 patronatus
571 4053 825 4141 ,didleecclesie
841 4067 1028 4127 remaneat
1043 4055 1077 4126 dc
1099 4054 1200 4128 deea
1215 4080 1304 4151 quo·
1329 4154 1331 4158 Α

279 4175 375 4256 ciens
397 4169 586 4247 vacaverit
607 4163 689 4267 eum
717 4164 884 4275 consensu
906 4164 1077 4266 preposui
1096 4167 1303 4265 presentan-

744 4279 776 4352 G
805 4299 821 4372 5
1209 4283 1269 4355 do·
