3125 4934
320 466 390 548 ³88
650 460 921 527 *W

279 642 369 724 fune
382 645 495 725 crasso
512 651 557 727 de
570 664 696 729 aratro
714 650 896 750 abrepto,
919 650 1231 733 manibuscorum
1246 652 1302 732 ha·

275 760 327 839 iia
347 761 496 841 militari
514 762 726 861 perforatis,
741 765 949 862 pertmiios
967 788 1082 865 usque
1099 767 1305 844 Lucembnr-

271 892 373 970 gum,
393 876 430 951 in
448 896 631 952 carcerem
647 873 858 961 immaniter
871 879 1079 973 pertraxit,
1093 880 1144 954 in
1159 904 1235 976 quo
1255 880 1302 953 in·

276 998 335 1061 tra
360 1006 496 1085 paucos
525 985 602 1063 dies
625 985 791 1063 cruciatu
814 983 1039 1082 miserabili,
1072 989 1303 1067 traiiatione

275 1120 347 1196 que
369 1094 614 1195 crematque
632 1095 851 1194 iniquiffimn¹
865 1111 1023 1195 uterque
1043 1100 1158 1176 viram
1176 1102 1302 1177 finivit.

274 1211 313 1291 Si
327 1212 468 1311 uspiam
486 1211 521 1287 in
544 1212 680 1288 mundo
698 1212 823 1291 Tarra.
838 1212 910 1303 ast,
937 1235 1020 1309 quae
1040 1214 1149 1291 brevi
1166 1231 1304 1314 tempo-

275 1332 326 1410 ris
349 1327 464 1428 spatio
486 1328 621 1406 Martis
645 1328 903 1405 truculentiam
928 1344 1039 1425 atqua
1060 1327 1240 1407 ferociam
1263 1330 1306 1407 ad

272 1461 480 1525 extremum
497 1441 615 1540 &per
633 1444 754 1521 omnia
770 1439 898 1539 sutstr,
912 1443 1216 1546 Lucemburgenfis
1232 1445 1304 1523 san·

175 1600 177 1605 ·
271 1560 338 1654 fit,
363 1579 444 1659 quae
459 1556 555 1633 intra
570 1556 727 1632 duorum
746 1576 928 1633 annorum
945 1556 1119 1653 i'patium,
1137 1558 1192 1635 bis
1209 1561 1304 1636 hoste

273 1674 513 1763 dominante,
541 1669 662 1761 vura,
686 1668 742 1746 bis
768 1672 897 1747 eodem
920 1670 1072 1768 expulso
1096 1672 1302 1776 castigato,

273 1801 491 1884 recuperata
512 1784 585 1875 ast,
609 1799 768 1880 quatuor
790 1785 1041 1863 maximorum
1065 1787 1317 1865 Exercitunm.

268 1886 490 1981 incurssones
517 1915 627 1996 atque
652 1896 830 1996 impetum
853 1901 960 1998 tulit,
982 1917 1118 2000 qnater
1144 1899 1301 2004 graiiin·

269 2020 363 2095 tium
388 2037 485 2091 nunc
504 2011 661 2116 hostium
688 2033 787 2089 nuno
803 2012 1011 2091 amicorum
1036 2014 1301 2115 irruptionibus

269 2147 415 2211 vexata.
468 2127 658 2241 Oppipum
685 2144 807 2205 autem
836 2128 878 2204 iri
907 2129 1193 2225 hominasintra
1219 2128 1300 2207 aiio

268 2246 353 2324 istos
373 2240 554 2337 conceffos
576 2242 653 2317 dias
677 2241 762 2337 plus
792 2243 984 2321 vastavere
1003 2266 1051 2321 ac
1073 2244 1301 2339 destruxere,

268 2384 381 2464 quam
395 2374 611 2452 totnanno,
632 2356 828 2456 conatique
849 2356 945 2449 sunt,
958 2357 995 2434 ἅ
1014 2356 1299 2459 ipsasBom‘ban

270 2483 357 2573 das,
385 2496 473 2574 quas
505 2472 719 2568 ¹rafinquere
747 2490 992 2574 coperantur,
1026 2475 1123 2549 intra
1145 2473 1301 2573 idipsum

267 2593 395 2694 spatii,
418 2611 657 2683 corrompere
672 2587 708 2664 or
725 2589 870 2667 inutiles
884 2589 1029 2685 facere,
1053 2591 1221 2685 inuufis,
1245 2608 1299 2670 at·

267 2734 339 2811 que
369 2704 512 2784 adamis
538 2700 736 2787 introrsum
763 2704 921 2807 fili-cibus
950 2727 993 2781 ae
1014 2705 1102 2782 timo
1123 2757 1136 2800 ,
1161 2709 1321 2787 rcliiiae‘

266 2842 359 2899 vero
393 2820 430 2895 in
462 2815 598 2914 oppido
624 2815 866 2913 Bombardae,
908 2817 1071 2909 duplices
1104 2817 1297 2898 Cartaunae

266 2935 439 3018 xxuur.
492 2931 664 3008 Cartunae
688 2930 869 3027 implices
891 2931 1045 3009 XXVII.
1096 2932 1297 3016 falconem

267 3047 352 3126 XX.
403 3047 568 3126 Pulveris
593 3047 736 3123 nitrarii
758 3049 856 3125 doiia
871 3048 979 3127 Mille
993 3048 1209 3150 quingenta.

364 3171 597 3263 Recuperuto
613 3166 735 3263 itaqua
752 3165 1008 3262 Lrtcembusgn,
1022 3169 1216 3261 Exercitus
1231 3195 1296 3271 per

263 3277 538 3361 Medimnarrices
551 3274 676 3353 uersus
693 3279 912 3356 Commeroii
932 3280 1119 3374 castrum,
1142 3288 1295 3363 transla-

264 3412 304 3475 to
329 3397 366 3472 in
384 3393 569 3483 Ermuiam
593 3389 690 3467 balio
709 3393 757 3467 ad
784 3414 864 3475 eant
892 3409 1035 3490 partem
1056 3394 1121 3470 ubi
1139 3397 1309 3497 Campa.-

262 3518 320 3596 nia
343 3513 482 3597 Gallica
506 3510 655 3607 incipit,
680 3509 870 3590 confestim
901 3512 1031 3588 ducias
1053 3513 1118 3590 est.
1170 3516 1294 3603 Finitis

260 3647 385 3712 autem
403 3628 452 3706 X.
478 3625 612 3722 Junii,
637 3625 866 3725 Principum,
896 3629 1125 3742 statuumque
1144 3633 1294 3730 Imperii

263 3742 443 3838 comitiis,
469 3739 612 3833 Caesar,
636 3739 818 3837 pr-aemiss'o
840 3745 887 3818 ad
908 3744 981 3821 iter
1006 3767 1060 3837 ax,
1080 3745 1212 3825 Fratre
1233 3772 1294 3827 ne·

260 3874 348 3953 pota
362 3848 622 3948 Marioniliano,
644 3852 718 3952 ipse
735 3859 864 3939 eodem
881 3859 938 3934 die
954 3860 1072 3938 statim
1089 3863 1170 3958 post
1184 3867 1295 3944 meri·

260 3971 354 4049 diem
376 3972 422 4046 ad
447 3969 543 4042 idam
566 3967 639 4043 itar
668 3969 881 4065 accinitur,
905 3969 1012 4070 Spita
1036 3971 1207 4067 discetur,
1235 4002 1295 4056 us·

260 4111 331 4188 que
352 4081 500 4179 lut-snat
515 4082 709 4182 oppidum,
735 4088 928 4167 comitatus
944 4079 1084 4195 Albano
1100 4091 1295 4172 Murenia-

1196 4227 1246 4288 ne
