3125 4934
570 473 839 535 mm
1087 493 1157 569 40,
1249 426 1285 495 ·'

188 684 279 765 gum
301 660 494 762 injeciss'et,
521 661 644 737 Gallos
662 661 823 738 incautos
839 684 883 739 ac
897 663 1115 739 dormientes
1131 688 1209 741 om·

189 778 276 854 nino
304 773 611 873 opprelitffemus,
652 774 743 851 ficut
775 775 1021 875 &agricolas
1044 779 1082 854 in
1105 778 1209 879 pagis

184 891 315 972 somno
331 890 465 990 sopitos
481 889 743 990 deprehensos,
768 896 813 970 de
830 894 931 972 lectis
949 898 1065 973 nudos
1091 888 1216 991 incoli*

189 1009 439 1084 detraximus:
462 1008 511 1084 nil
528 1007 623 1084 enim
637 1008 710 1082 tale
727 1007 994 1109 cogitaverant,
1019 1011 1132 1109 quod,
1147 1030 1205 1086 re-

186 1108 276 1193 uua
294 1117 476 1212 ¹chalone,
501 1140 546 1195 eo
562 1139 677 1214 usque
693 1119 1024 1219 progrederemur,
1045 1118 1209 1217 prodidit

184 1232 312 1328 itaque
335 1230 482 1305 flamma
496 1231 655 1306 nostrum
671 1229 832 1306 hostibus
847 1233 1045 1311 adventum
1054 1244 1079 1328 ,i
1091 1229 1206 1328 ipsos-

185 1368 259 1444 que
277 1346 513 1422 tumultuarie
537 1346 575 1420 in
595 1368 698 1424 arma
720 1347 880 1443 excivit,
899 1348 1028 1425 nostris
1046 1369 1116 1445 pro
1138 1349 1208 1424 bac

183 1459 295 1539 fluvii
311 1461 393 1557 ripa
406 1456 696 1555 subblientibus,
719 1481 837 1558 neque
853 1462 948 1538 enirn
963 1477 1049 1539 tunc
1063 1460 1206 1541 consul·

183 1588 264 1651 tum
289 1573 406 1651 visum
422 1575 498 1667 est,
523 1572 676 1649 corteno
697 1575 770 1673 jam
790 1578 835 1651 ad
849 1578 1115 1677 confligendum
1136 1578 1204 1656 ho·

181 1689 257 1786 ne,
281 1690 508 1792 transgredi3
533 1689 618 1768 licet
636 1685 751 1768 scavae
782 1692 830 1768 ad
853 1708 981 1792 pontes
1006 1689 1204 1798 jaciendos,

180 1803 230 1879 ad
244 1825 373 1880 manus
392 1797 514 1880 effent.

282 1993 417 2070 Eadem
437 1992 514 2086 dic,
537 1993 609 2073 hoc
622 1992 673 2071 eli
687 1993 733 2070 Π.
749 1990 996 2092 Septembris,
1025 1997 1120 2077 circa
1134 1998 1203 2076 ho·-

183 2131 265 2190 ram
282 2122 367 2185 ante
390 2106 580 2183 meridiem
599 2107 798 2202 decimam,
823 2096 1049 2208 progressum
1074 2113 1124 2189 est
1145 2115 1204 2191 ul·

181 2228 299 2306 terius
316 2227 363 2302 ad
381 2227 557 2324 quendam
575 2247 708 2322 pagum
723 2225 825 2323 juxta
847 2228 1002 2304 eundem
1023 2228 1202 2332 fluviun3
1276 2248 1283 2260 ·

180 2347 267 2423 dein
283 2345 344 2419 Ill.
358 2343 416 2416 die
431 2344 502 2415 duo
521 2342 690 2418 milliaria
706 2342 805 2419 illinc
818 2343 863 2418 ad
879 2345 1057 2439 quandam
1074 2334 1203 2421 Ab'ba·

176 2455 269 2535 tiam
297 2476 412 2551 prope
444 2453 530 2549 Toa,
562 2475 722 2552 pagum,
747 2447 972 2547 proceffum,
1004 2453 1204 2551 eademque

181 2568 305 2644 adhuc
335 2561 514 2671 Vespera,
548 2561 726 2660 praenrilia
753 2564 894 2660 aliquot
923 2565 1080 2641 militum
1103 2566 1204 2670 figna

184 2702 301 2759 unum
316 2678 470 2754 milliare
495 2679 653 2754 acastris
678 2679 724 2753 ad
740 2677 914 2773 oppidum
934 2680 1029 2777 Aue,
1055 2685 1203 2780 optinum

183 2800 281 2878 vinis
298 2796 443 2876 celebre
458 2819 500 2873 ac
522 2798 667 2893 nobile,
694 2795 949 2892 diripiendum.

285 2988 357 3065 Die
373 2990 452 3064 IIII.
471 3011 598 3079 mane,
623 2989 768 3065 circiter
781 2985 910 3063 boram
927 2988 1116 3088 ociavam,
1138 3019 1203 3076 an.

183 3118 333 3199 tequam
362 3101 475 3175 castra
504 3099 740 3194 metiremur,
772 3097 950 3194 praenrilia
969 3101 1050 3179 sunt
1078 3107 1204 3192 decem

182 3220 288 3321 signa
305 3216 467 3313 peditum
483 3237 740 3316 germanorum
762 3214 797 3289 dt
815 3217 1069 3318 quadringenti
1093 3226 1203 3322 Equi.

182 3352 238 3412 tes
253 3331 300 3406 ad
312 3325 459 3425 Afptrm
477 3329 649 3424 oppidum
667 3327 852 3429 eregione
866 3331 960 3423 Ape,
985 3332 1030 3404 ad
1049 3335 1203 3414 alteram

182 3440 294 3527 fluvii
310 3440 427 3534 ripam
449 3436 576 3530 fitum,
601 3436 950 3551 diripien'dum,lsed
970 3439 1205 3545 illudHispa.

183 3560 223 3639 ni
239 3555 405 3649 aliquot,
429 3553 520 3628 citra
541 3555 748 3628 mandatum
766 3550 914 3628 suorum
937 3552 1105 3651 Ducum,
1130 3557 1205 3655 jam

180 3670 528 3764 nottepraecedente
551 3680 840 3764 occupaverant,
870 3685 1061 3764 repertum
1084 3670 1205 3770 itaque

181 3783 233 3865 ab
252 3778 378 3854 incolis
400 3775 608 3853 desertum..
639 3778 695 3857 At
717 3776 899 3879 germanis
914 3777 1205 3877 advertentibus,

182 3884 338 3985 Hispani
362 3885 480 3976 illico,
504 3883 589 3984 igne
619 3882 774 3982 injecto,
798 3881 1007 3961 universum
1030 3887 1207 3981 oppidum

181 4019 270 4080 cum
286 3996 443 4070 maximo
460 4009 647 4087 comeatu,
673 4015 779 4090 quem
799 3995 921 4070 Gallus
933 3993 970 4070 in
985 3990 1114 4073 eodem
1130 3999 1206 4073 col·

180 4120 396 4205 locaverat,
422 4124 642 4195 cremarunt.
669 4133 737 4188 uec
760 4108 846 4208 paffi
869 4108 975 4207 sont,
999 4112 1067 4206 pro
1094 4104 1206 4203 ponte

239 4215 396 4317 rona
748 4218 778 4298 C
801 4240 822 4296 c
1055 4210 1162 4312 super

722 4474 727 4483 ¹
894 4394 927 4449 ὁ
