3125 4934
338 476 409 555 aas
665 416 961 551 Μ’

241 736 245 755 ,
292 680 352 739 rno
368 666 549 757 perpetuo
562 654 737 737 hebentes
758 656 849 733 &ut
867 656 943 758 ipso
960 672 1140 759 perpetue
1161 654 1306 737 lirnrita·
1355 651 1358 725 Ι

290 770 335 847 tis
351 773 468 849 robur
489 769 675 846 obtineant
687 767 914 867 feliciterque
930 770 965 846 tic
984 771 1022 847 in
1040 792 1151 849 evum
1166 790 1305 867 pernu-
1355 792 1358 843 ι

291 896 426 974 neant,
452 879 589 978 ipssque
608 879 840 977 Campanarij
863 902 931 976 pro
952 898 1120 978 tempore
1140 881 1305 981 degentes
1355 905 1358 951 l

292 996 336 1072 de
352 994 512 1103 ipsorum
531 992 738 1092 hujusmodi
759 995 1028 1092 provinonibus
1042 988 1307 1073 ministrationi·

257 1138 265 1155 ·
290 1112 358 1191 bus
373 1114 407 1191 tir
421 1113 608 1203 laboribus
623 1112 786 1191 fructum
794 1130 993 1209 reportent
1017 1113 1232 1193 &babeant
1244 1110 1308 1189 ali·
1341 1104 1344 1111 ’

291 1234 434 1330 qualem
456 1228 525 1329 hijs
548 1232 638 1308 moti
655 1229 724 1328 pijs
749 1229 998 1309 &fruticans
1018 1231 1308 1331 operibusacee·

290 1347 458 1423 ‹lenteod
478 1345 549 1423 hoc
563 1346 685 1422 nostro
709 1343 745 1419 Gr
767 1346 928 1422 omnium
954 1368 1112 1445 quorum
1134 1346 1312 1425 intererat

290 1460 326 1539 ἃ
350 1463 494 1539 interest
518 1464 627 1559 pleno
651 1460 821 1538 consensu
848 1466 1020 1561 quosdam
1053 1481 1174 1540 certos
1201 1482 1311 1565 agros

225 1642 229 1651 .
289 1580 398 1683 spacij
417 1585 571 1659 duorum
587 1580 756 1692 jugerum
782 1604 863 1659 cunr
882 1584 1030 1663 dimidio
1047 1601 1154 1663 extra
1171 1584 1311 1677 Civita-

289 1719 363 1780 tem
380 1698 605 1781 Mindensenr
623 1703 725 1798 juxto
740 1702 935 1779 Brulonem
954 1700 1077 1782 versus
1098 1702 1314 1803 septentrio·

289 1843 371 1898 nem
392 1840 509 1916 prope
531 1817 676 1901 arbosia
691 1816 882 1916 Schipholt
898 1821 1103 1924 vulgariter
1120 1844 1314 1919 nuncupa·
1353 1856 1356 1863 ·

239 1972 243 1981 ·
288 1948 325 2009 ta
346 1930 491 2009 situatos
503 1952 525 2005 a
539 1943 643 2027 parte
659 1951 753 2021 una,
783 1929 830 2003 ab
847 1930 926 2028 alijs
942 1954 1032 2008 vero
1047 1933 1215 2028 partibus
1239 1933 1316 2011 cir·

288 2041 469 2120 cumcirca
488 2061 571 2117 cunr
594 2039 775 2115 nonnuliis
797 2038 876 2140 alijs
898 2041 999 2141 agris
1018 2042 1066 2117 ad
1081 2041 1312 2121 Decanatum

286 2153 516 2241 Mindensem
532 2156 797 2253 pertinentibus
818 2156 1064 2236 confrontatos
1088 2158 1177 2238 ollio
1192 2160 1313 2240 incol-

286 2297 343 2359 tos
362 2303 459 2359 nunc
477 2294 599 2356 nutem
622 2298 690 2374 per
710 2266 932 2375 sepedictum
949 2280 1150 2359 Dominum
1174 2281 1312 2369 Jolan·

284 2422 360 2479 nem
374 2397 554 2476 seniorem
566 2392 696 2471 suosve
709 2391 865 2470 famulos
889 2393 924 2468 o
940 2396 984 2471 de
999 2397 1119 2473 nostro
1135 2394 1311 2479 consensu

285 2544 328 2596 ac
344 2483 580 2611 beneplacito
608 2509 725 2587 cultos
740 2526 861 2584 aratos
883 2507 919 2584 tic
937 2511 984 2586 ad
1000 2507 1250 2593 seminandum
1273 2516 1312 2595 tic

285 2633 578 2714 frustilicandum
593 2642 750 2726 aptatos,
767 2629 828 2725 qui
839 2630 984 2727 inquam
999 2631 1079 2733 agri
1088 2630 1191 2728 juxta
1208 2658 1309 2717 com·
1346 2714 1349 2719 ,

195 2740 198 2747 Δ
285 2774 432 2832 munem
458 2751 606 2825 modum
629 2746 854 2848 agriculture
878 2750 967 2825 duos
988 2750 1128 2826 modios
1152 2776 1237 2830 cum
1256 2757 1310 2835 di·

284 2871 397 2951 midio
414 2867 562 2970 filiginis
574 2850 774 2944 Mindensrs
790 2866 956 2945 mensure
969 2870 1176 2970 vulgariter
1192 2873 1312 2952 dicius·

283 2984 514 3085 Wytschepel
533 3005 601 3082 pro
624 2980 659 3060 se
683 3007 778 3060 nunc
801 2985 949 3082 capiunt
962 2985 1118 3083 speciose
1132 2991 1307 3086 preditos

166 3123 171 3131 '
283 3104 521 3206 campanariis
547 3124 616 3201 pro
646 3119 814 3198 ternpore
844 3105 1075 3183 existentibus
1099 3132 1184 3186 cunr
1209 3112 1307 3188 ornni

281 3221 372 3321 juris
395 3222 604 3298 eorumdem
632 3240 807 3320 agrorum
832 3221 1056 3315 plenitudine
1076 3225 1203 3303 damus
1222 3249 1307 3305 con·

282 3331 443 3409 cedimus
460 3327 495 3404 δι
511 3328 703 3405 donatione
719 3347 897 3425 perpetua
912 3331 1138 3428 presentibus
1154 3334 1307 3434 affigna·

281 3470 384 3541 ntus,
410 3442 576 3543 ipsosque
595 3467 703 3545 agros
721 3468 805 3521 cunr
824 3449 920 3523 (libia
940 3472 1067 3528 eorum
1086 3452 1175 3546 juris
1190 3448 1306 3549 pleni·

281 3564 407 3641 tudine
423 3561 549 3660 officijs
564 3563 863 3660 campanariatus
885 3566 979 3643 ditle
999 3571 1119 3645 nostre
1134 3569 1307 3645 Minden·

281 3682 324 3759 fis
348 3679 555 3757 Ecclesreliz
581 3685 656 3772 ejus
674 3681 922 3782 ‚Campanorijs
946 3709 1015 3783 pro
1039 3703 1307 3782 temporeper-

280 3813 393 3891 petuo
419 3796 454 3905 (ic
485 3799 647 3905 plenarie
676 3801 820 3875 unimus
858 3801 891 3874 tir
926 3803 1204 3906 incorporamus
1239 3821 1306 3900 per

281 3907 475 4006 presentes.
533 3913 570 3984 ln
597 3933 752 4004 quornm
775 3916 988 3999 omninno
1013 3918 1238 4018 fingulorurn
1257 3934 1310 3993 te·

282 4023 486 4099 stimonium
513 4023 681 4099 tirobnr
706 4046 921 4122 perpetuum
953 4036 995 4104 ac
1019 4035 1170 4108 evidens
1196 4031 1310 4108 nostri

281 4141 483 4216 communis
499 4135 689 4217 consensus
707 4131 761 4215 *ad
781 4139 950 4237 premissa
967 4143 1108 4248 sgnum
1125 4144 1311 4245 presentes

1160 4261 1263 4342 litte·
