3125 4934
264 400 271 409 ’
304 456 378 535 290
632 436 903 500 &wm-

261 629 432 714 Plebaniu
454 627 492 707 in
523 626 830 729 Wplgartzwysen.
848 629 932 724 (19)

262 741 480 824 Primiss'uria
503 743 541 821 iu
572 739 897 843 Wytgurtzwpsen„

262 853 420 932 Pastoria
439 854 477 930 in
509 853 762 946 Wertrersberg.

262 962 436 1045 Preuanra
458 965 496 1042 in
522 966 746 1042 Scbwandcn.

260 1074 431 1154 Plebauia
455 1076 491 1153 in
521 1076 750 1172 Wtydenthal.

261 1190 438 1288 Caplania
452 1190 611 1297 Capellae
634 1191 670 1264 in
695 1187 863 1268 Rcintale.

260 1306 418 1387 Pastoria
442 1307 480 1382 in
508 1303 814 1412 Qeichainbacb..

259 1421 418 1501 Pastoria
443 1418 480 1494 iu
505 1414 754 1496 Albersweilcr.

261 1513 483 1619 Primiffaria
507 1531 657 1608 ibidem.

219 1644 223 1649 ’
261 1646 420 1729 Paroria
444 1647 482 1722 iu
506 1645 699 1723 Artzbeim.

206 1820 210 1831 .
257 1758 438 1859 &plania
464 1757 623 1854 Capellae
648 1757 686 1833 in
713 1750 932 1850 Rainssbach.

262 1881 440 1977 Cuplania
464 1878 622 1976 capeltae
649 1876 875 1967 Servilingm.

261 1996 420 2082 Pastoria
442 1995 481 2073 in
505 1993 746 2093 Miiblbausen.
767 1993 852 2096 (20)

482 2123 529 2209 ln
558 2122 732 2240 Oppido
761 2118 954 2210 Londau.
978 2123 1081 2230 (21)

263 2250 530 2334 monasterium
548 2247 788 2349 Stcigentium
804 2248 895 2323 Ord.
919 2246 956 2324 S.
970 2246 1159 2342 Augustini
1172 2250 1291 2328 Cano·

308 2369 475 2446 nieorum
496 2364 723 2463 regularium
742 2361 801 2438 cui
816 2362 866 2438 est
879 2367 1114 2460 incorporata
1134 2367 1290 2444 Ecclesia

310 2471 530 2555 Paruchialis
548 2471 699 2548 ibidem.
729 2471 811 2566 (22)

1123 2582 1240 2660 Berre-

308 2698 392 2793 (19)
416 2698 454 2766 in
469 2694 587 2764 chartis
608 2693 844 2789 antiquioribus
867 2692 957 2764 cudit
983 2695 1291 2792 Willigarrlatorja.

361 2789 445 2863 Vide
460 2795 558 2861 etiam
575 2790 695 2861 Crottii
710 2796 801 2889 orig.
818 2793 946 2887 ssiporrr.
959 2810 1043 2889 part.
1059 2795 1097 2862 ΙΙ.
1119 2818 1198 2891 pag,
1216 2806 1292 2873 106.

148 2897 152 2904 ’
215 2954 217 2959 .
311 2904 397 3000 (20)
424 2896 639 2971 Mulinhuson
662 2905 757 2972 olim.
777 2898 905 2972 confer.
927 2901 1010 2972 Atta
1034 2902 1173 2980 Theod.
1193 2905 1292 2978 Palat.

361 3001 398 3071 T
401 3025 471 3072 om.
495 3000 551 3074 111.
578 3023 651 3096 pag.
673 3008 754 3090 246.
919 3032 922 3037 ·

311 3116 391 3210 (21)
414 3109 576 3182 Laudavia
598 3104 633 3181 in
647 3136 734 3209 pago
751 3110 890 3208 Spircnfi
908 3107 1107 3183 &inferiori
1122 3114 1292 3214 Vusgoviu

220 3285 222 3290 ,
360 3228 501 3308 quatuor
526 3234 543 3277 a
568 3210 686 3280 Rheno
711 3207 812 3278 leucis
841 3206 1125 3308 Weiffcnburgum
1149 3217 1235 3284 inter
1259 3223 1292 3287 6<

357 3311 486 3407 Spiratu
501 3305 554 3378 fita
572 3307 611 3376 ab
629 3305 855 3377 obfidionibus
870 3298 1034 3378 notiffimu
1057 3307 1115 3381 eii.
1145 3312 1288 3384 Notitiac

312 3476 321 3499 x
357 3404 400 3478 de
418 3409 483 3476 hoc
503 3403 629 3502 oppido
646 3402 879 3498 autiquiffrmas
893 3405 964 3502 lege
981 3411 1014 3474 in
1030 3402 1223 3504 Schu'pfflini
1237 3410 1292 3482 At.

359 3503 437 3576 satio
454 3503 543 3599 Dipl.
562 3527 653 3573 num.
671 3512 753 3590 663.
771 3513 853 3592 693.
870 3525 954 3596 745.
969 3507 1034 3578 ἅο.
1171 3549 1173 3552 .

312 3625 395 3724 (22)
432 3619 573 3692 Ecclefir
605 3622 675 3692 haec
707 3622 870 3691 l’rioratur
892 3624 1040 3703 Fratrum
1064 3622 1294 3719 Stcygcnfium

361 3716 445 3794 ord.
462 3723 494 3793 S.
512 3717 681 3818 Augustini
703 3712 800 3787 suita
817 3718 982 3810 Steygcnsr
1000 3717 1215 3816 Episcopatus
1232 3734 1295 3793 Ar-

360 3815 557 3914 gentinenfis
579 3823 722 3915 prioratu
747 3805 918 3888 Tabernis
938 3815 1050 3913 possca
1067 3817 1222 3888 translato
1237 3818 1294 3890 de·

359 3911 506 4014 pendent
534 3919 566 3984 ὰ
597 3915 637 3985 ab
662 3915 849 3985 Emichonc
871 3916 1037 4013 Leiningae
1066 3917 1204 3986 comite
1228 3920 1291 3992 An.

361 4013 621 4089 MCCLXXVI.
647 4008 819 4094 fundatus,
845 4019 896 4081 cui
914 4010 1058 4084 Adotfus
1086 4015 1173 4108 Imp.
1199 4038 1296 4110 paro·

362 4107 505 4182 chialem
521 4112 754 4208 Qeichhemii
767 4108 943 4208 Ecclesiam
957 4135 1034 4184 curn
1050 4107 1210 4184 reditibus
1227 4116 1296 4203 eius

1140 4214 1246 4281 Auno
