3125 4934
638 412 1234 553 *mimz-³¹14}

259 672 271 745 ’ξ
283 648 514 732 succefforibus
535 642 664 721 nostris
680 641 897 733 occultetur,
923 656 1003 741 eam
1021 628 1213 733 inscriptis
1230 653 1288 707 re-

281 770 398 849 dadiam
424 782 466 844 ut
480 764 528 840 ad
553 750 633 839 cant
658 755 824 836 recursus
846 751 1027 845 habeatur
1045 751 1085 827 in
1106 748 1285 827 Archivis
1381 814 1384 821 .

279 878 409 959 rectene
436 873 588 954 recondi
608 869 837 956 decrevimus
852 863 887 939 dr
902 861 1032 959 reponi
1048 876 1091 936 ut
1110 859 1286 937 informa

251 1074 254 1081 ,
278 992 324 1077 tali
343 983 591 1065 dubitantibus
615 979 730 1055 tocius
748 974 1005 1079 ambiguitatis
1035 970 1189 1049 materia
1207 992 1289 1045 am·

274 1128 419 1210 putetur.
471 1105 532 1195 Est
548 1102 663 1205 igitur
681 1102 719 1175 in
728 1099 824 1175 dieta
839 1096 959 1173 nostra
973 1092 1131 1171 Ecciefia
1139 1095 1184 1167 de
1199 1113 1287 1167 con·

241 1272 244 1303 ι
272 1228 446 1309 suetudine
460 1223 585 1299 taliter
605 1214 861 1308 observatum,
893 1214 990 1313 quod
1017 1216 1104 1305 dum
1128 1212 1287 1289 Canoni·
1370 1248 1375 1255 =

242 1332 244 1341 ’
270 1366 320 1425 tus
335 1336 494 1419 Ecclestc
508 1333 628 1413 nostre
644 1329 865 1425 emancipari
881 1324 1071 1418 desiderat,
1096 1324 1288 1405 Decanum

242 1486 246 1507 ²
268 1465 405 1565 iutejus
432 1465 740 1537 locumtenentem
761 1452 935 1527 accedere
951 1448 1098 1525 debebit
1112 1462 1155 1525 ut
1169 1450 1289 1549 ipsum

266 1586 304 1661 td
334 1576 653 1674 emancipandum,
669 1570 838 1647 admittat
869 1567 1056 1644 humiliter
1083 1558 1287 1663 petiturus,

264 1700 317 1779 cui
343 1699 389 1772 de
408 1694 567 1770 fratrum
589 1684 735 1765 confiiio
759 1684 795 1758 dc
823 1680 992 1760 consensu
1016 1706 1084 1780 per
1098 1684 1290 1767 Decanum

263 1820 317 1895 vel
330 1814 448 1890 aliurn
470 1806 696 1905 superiorem
722 1798 798 1898 ejus
820 1800 942 1876 locum
964 1814 1149 1892 tenentem
1176 1802 1286 1901 Capi.

260 1933 325 2014 ntli
341 1926 492 2007 nomine
512 1916 717 2021 prefigetur
740 1916 919 1993 terminus
943 1914 1165 2011 capitularis
1188 1939 1289 1997 eont-
1335 1970 1338 1977 ·
1363 2002 1367 2013 ¹

259 2068 385 2153 potens
414 2044 462 2120 ad
497 2038 717 2137 explendum
743 2031 869 2113 aetum
899 2050 1144 2115 memoratum
1173 2055 1287 2134 prout
1328 2124 1332 2137 ¹

260 2150 460 2264 utrobiqire
484 2158 582 2258 parti
614 2151 940 2252 ernancipandedz
978 2152 1289 2250 emancipantibus
1334 2168 1337 2173 '

257 2282 449 2365 videbitur
479 2272 678 2371 expedire,
722 2291 795 2366 quo
818 2269 975 2347 termino
1003 2271 1219 2347 adveniente
1243 2274 1290 2347 de

260 2421 371 2482 mane
387 2394 482 2469 hora
497 2384 647 2483 capituli
664 2405 732 2480 per
748 2380 977 2459 scolasticum
999 2384 1059 2457 vei
1082 2381 1158 2483 ejus
1191 2385 1291 2465 vices

259 2518 348 2599 t'unc
367 2524 552 2590 tenentem
583 2504 732 2585 Dectno
758 2502 794 2579 dt
823 2503 992 2601 Capitulo
1018 2503 1287 2601 presentabitur

260 2638 296 2712 ἀ
314 2628 522 2728 inquiratur
545 2623 589 2697 de
610 2621 817 2697 litterature
833 2617 1044 2698 sufficientia
1073 2623 1118 2699 de
1148 2622 1289 2702 idonei-

260 2758 335 2820 tate
368 2736 520 2835 persone
543 2736 580 2811 dt
602 2737 792 2813 habilitate
816 2735 893 2834 eius
922 2737 970 2810 ad
991 2738 1287 2835 emancipationis

261 2861 388 2955 acsstum
411 2856 572 2959 legitime
591 2851 817 2930 subeundum
834 2853 939 2937 dc'de
955 2850 1034 2967 niijs
1057 2857 1289 2939 circumstan-

261 2977 551 3083 tijs‘oportunis,
576 2998 621 3051 ex
642 2992 729 3050 tune
746 2996 813 3071 per
822 2975 1010 3049 Deeanum
1026 2977 1085 3051 vel
1099 2975 1212 3054 alium
1228 2977 1287 3054 su·
1350 3065 1353 3072 ,

261 3098 450 3199 perierem
486 3080 588 3168 tune'
609 3092 730 3168 locum
765 3091 903 3169 Decani
932 3107 1110 3167 tenentem
1140 3095 1176 3170 in
1205 3097 1290 3177 loco

263 3210 449 3295 claustrali
465 3210 596 3284 adhoc
612 3226 652 3283 ut
667 3209 780 3284 moris
797 3210 847 3286 est
858 3207 993 3285 „debite
1024 3211 1204 3287 locabitur
1225 3211 1289 3291 seu

262 3347 466 3428 reponetur
487 3331 623 3405 ibidem
643 3333 701 3405 die
722 3352 765 3407 ac
784 3327 891 3405 nodie
911 3329 1088 3406 continuis
1110 3338 1290 3431 usquead

261 3450 395 3553 horam
421 3448 580 3542 Capituli
602 3449 673 3525 diei
697 3447 905 3522 immediate
930 3442 1172 3542 subsequentis
1203 3474 1290 3550 per.

263 3560 456 3653 mansurus
486 3585 588 3637 nece
611 3562 764 3638 clanstro
792 3562 937 3637 interim
959 3564 1186 3663 recessurus,
1225 3569 1290 3667 qui

263 3700 356 3761 tunc
375 3684 499 3757 eadem
519 3683 609 3757 hora
628 3683 748 3793 primo
769 3682 968 3776 prostratus
1003 3689 1292 3786 emancipabitur

263 3798 344 3889 five
372 3818 393 3867 a
417 3794 545 3889 primis
568 3790 670 3889 seniis
704 3793 881 3888 eripietur
906 3816 973 3890 per
999 3799 1186 3880 Decanum
1226 3821 1292 3884 aut

263 3931 337 4007 per
360 3910 582 4010 superiorem
599 3916 756 4010 aiiquenr
780 3928 822 3987 ut
844 3913 893 3991 est
917 3914 1077 4014 didinnr,
1102 3921 1137 3997 dc
1162 3929 1292 4007 eodem

265 4044 444 4124 contextu
472 4030 503 4103 d·
528 4030 620 4102 horn
637 4027 823 4102 deferetur
850 4029 966 4105 eidem
991 4029 1233 4128 juramentum
1255 4042 1292 4120 dc

264 4140 409 4243 jurabit
435 4142 565 4220 statuta
589 4137 863 4223 consuetudines
889 4142 1006 4221 licitas
1032 4145 1196 4228 honestas
1229 4179 1294 4235 an·

1130 4268 1247 4371 tiques
