3125 4934
635 404 1007 485 Μ’
1160 447 1232 523 257

252 600 533 696 rationabilibus
555 610 666 690 causn
686 635 751 688 nos
778 615 1011 690 moventibus
1034 615 1072 693 in
1095 623 1278 701 nonnullis

250 733 319 811 suis
340 730 510 810 clausulis
526 732 562 806 dr
575 732 737 808 articulis
758 731 1008 826 juxtacursum
1023 733 1280 832 &qualitatem

251 854 427 955 presentis
438 855 801 949 temporisdtstatum
813 854 919 949 ipsius
930 854 1278 937 Ecclefienoilrere-
1337 876 1342 897 “

246 964 412 1046 formare
431 968 671 1046 emendaredl
689 968 864 1043 inmelius
881 985 1106 1046 commutare
1120 975 1277 1069 quedam
1318 1036 1328 1073 ,
1397 1014 1399 1033 =

247 1083 359 1158 etiam
383 1079 576 1160 neceliaria
596 1081 629 1156 dr
647 1081 750 1155 utilia
774 1079 871 1156 omo
893 1081 1025 1157 llatuto
1051 1084 1187 1160 addere
1201 1109 1274 1163 cu-

247 1193 391 1291 pientes
411 1196 596 1270 statuimus
615 1193 892 1268 &emendando
910 1195 1123 1270 ordinamus
1137 1211 1179 1273 ut
1193 1199 1275 1295 qui·
1399 1224 1402 1231 ⁴

249 1322 411 1410 cumque
428 1332 585 1387 exnunc
602 1313 638 1384 in
658 1325 763 1384 antea
778 1309 816 1384 in
838 1307 1060 1386 Canonicum
1074 1311 1193 1388 nostre
1207 1313 1277 1388 Ec·
1374 1372 1376 1376 2

243 1426 356 1507 cleiic
372 1427 447 1502 five
468 1430 514 1501 ad
537 1428 715 1503 minorem
741 1424 817 1501 live
841 1426 887 1500 ad
915 1425 1091 1520 majorem
1116 1430 1274 1525 preben·
1314 1473 1317 1479 ·

243 1549 334 1624 dam
357 1545 535 1640 recipitur
550 1559 615 1620 aut
635 1565 862 1640 quacumque
876 1544 1093 1621 aucloritate
1114 1549 1276 1627 admitti·
1374 1594 1377 1601 ,

243 1678 312 1739 tor
334 1664 417 1737 loco
436 1661 658 1737 cibariorum
676 1661 737 1735 seu
753 1659 976 1734 ferculorum
997 1663 1100 1738 nobis
1116 1687 1158 1739 ao
1175 1667 1275 1753 vica.

243 1777 313 1876 sijs
327 1777 482 1873 aliisque
506 1775 723 1853 beneficiatis
741 1775 774 1849 d
792 1775 954 1850 officiatis
976 1776 1135 1870 ejusdem
1151 1781 1274 1860 Eccle.

243 1898 297 1976 sie
317 1898 439 1973 nostre
457 1895 558 1992 juxta
572 1898 719 1971 modum
739 1892 951 1969 &tenorem
970 1894 1056 1969 didi
1073 1898 1192 1971 statuti
1209 1899 1275 1972 ira·

243 2010 378 2088 &enus
401 2010 479 2084 dari
501 2008 535 2082 d
554 2007 747 2084 ministrari
771 2004 1024 2085 consuetorum
1046 2007 1080 2080 d
1104 2030 1173 2101 pro
1191 2011 1272 2105 ipsis

243 2122 397 2219 cibariis
424 2125 613 2200 dumtaxat
633 2123 926 2219 emancipationis
951 2121 1012 2198 suc
1037 2138 1202 2219 ternpore
1236 2124 1275 2200 dc

243 2263 446 2339 antequam
459 2245 503 2316 dc
519 2245 645 2338 primis
664 2242 766 2337 scolis
782 2241 981 2336 recipiatur
996 2242 1087 2317 drad
1103 2244 1272 2322 ieeundas

243 2375 456 2456 reponatur
472 2362 662 2436 duodecim
684 2382 822 2435 marcas
848 2360 988 2457 argenti
1015 2359 1098 2454 puri
1126 2362 1213 2438 boni
1236 2362 1274 2438 dr

243 2475 332 2572 justi
351 2474 524 2568 ponderis
540 2474 670 2549 Nlinde
686 2476 811 2577 legalis
834 2491 897 2549 aut
915 2497 1039 2550 earum
1061 2497 1189 2552 verum
1208 2468 1275 2551 va·¹

243 2596 370 2669 iorem
387 2591 423 2665 in
443 2590 546 2664 bonis
562 2591 708 2667 florenis
728 2592 846 2664 aureis
867 2592 979 2668 autin
1003 2593 1097 2668 bona
1116 2592 1148 2666 d
1164 2590 1275 2690 legali

243 2724 401 2789 moneta
426 2723 512 2784 tunc
533 2707 666 2783 ibidem
693 2724 865 2783 currente
891 2709 997 2784 certis
1023 2707 1274 2804 provisoribus

243 2851 318 2925 per
333 2849 400 2901 nos
417 2827 464 2899 ad
489 2825 558 2900 hoc
578 2827 757 2920 deputatis
783 2823 904 2900 sentin
930 2828 1274 2928 anteadeputandis

243 2942 369 3021 saltim
385 2942 432 3030 ad
454 2939 651 3015 armarium
669 2939 822 3012 Ecclefle
837 2940 955 3015 nostre
971 2941 1006 3015 in
1022 2944 1174 3035 quadam
1191 2964 1277 3036 cap·

243 3057 327 3134 sula
343 3053 421 3130 five
437 3055 519 3128 cista
536 3054 571 3128 in
590 3075 659 3144 qua
677 3052 861 3147 prebende
873 3055 1136 3130 canonicorum
1150 3053 1278 3130 absen-

243 3173 342 3248 tium
363 3183 550 3260 ponuntur
571 3188 640 3262 pro
663 3167 914 3243 melioratione
933 3167 1278 3265 &augmentatione

244 3299 556 3366 ornamentorum
583 3280 653 3375 jam
684 3281 859 3356 vetustate
883 3283 994 3382 nimia
1026 3283 1061 3356 dr
1088 3285 1277 3362 cotidianis

243 3401 505 3484 uiimtionibus
532 3401 638 3473 vaide
663 3396 959 3491 consumptorum
991 3398 1024 3471 dr
1052 3399 1277 3474 edificiorum

243 3515 411 3600 Ecciebe
431 3513 550 3589 nostre
565 3512 795 3602 reparatione
812 3512 846 3585 dr
861 3512 1120 3589 reformatione
1131 3530 1195 3591 aut
1208 3534 1278 3610 pro

244 3631 401 3730 alijsr
349 3628 472 3705 ufibus
492 3622 862 3719 neceliarijseiusdem
879 3624 1023 3699 ecclesa
1037 3627 1155 3702 nostre
1170 3647 1280 3720 repo-

248 3751 391 3825 nendas
401 3710 618 3820 &fideliter
636 3740 898 3816 conservandas
915 3743 1015 3816 dabit
1032 3740 1197 3818 soluettir
1214 3745 1282 3818 mi·

249 3863 423 3946 militabit
439 3863 518 3957 alijs
537 3860 660 3932 dandis
685 3858 717 3930 d
740 3858 923 3932 ministrari
928 3857 1011 3931 dis
1000 3876 1101 3956 Juxta
1117 3878 1282 3938 tenorem

256 3977 348 4056 dieii
383 3973 518 4069 prioris
551 3970 671 4045 statuti
698 3965 966 4045 remanentibus
1000 3970 1127 4064 {aluisa
1153 3974 1283 4071 quibus

258 4112 327 4188 per
350 4085 554 4186 presentem
582 4085 845 4163 ordinationem
870 4085 944 4163 sive
965 4088 1035 4165 hoc
1055 4092 1199 4187 presens
1219 4095 1284 4170 iia-

310 4212 401 4291 Yon.
421 4207 471 4289 X.
827 4204 863 4282 R
1118 4229 1238 4294 tutum
