3125 4934
590 452 860 524 *ΜΨ
1170 468 1252 543 3·-

221 646 308 721 dere
323 643 383 720 vei
409 640 651 731 obedientiam
667 643 825 742 perdere
842 637 997 741 quilibet
1009 636 1101 739 justo
1120 650 1244 721 tamen

218 761 296 862 ipso
314 763 403 864 jure
423 759 590 840 succedat
609 762 648 838 in
668 785 714 840 ea
727 766 791 861 qui
812 764 974 862 priorem
999 765 1120 844 locum
1144 763 1244 847 inter.

217 880 297 956 illos
314 880 380 974 qui
399 879 554 954 decimas
573 877 728 972 nabent,
751 877 912 957 noscitur
930 878 1117 970 obtinere,
1141 881 1244 979 quod

217 997 324 1073 etiam
349 997 395 1072 de
417 997 633 1074 habentibus
657 999 812 1076 decimas
835 996 960 1080 uillis
987 997 1050 1096 qui
1072 999 1152 1091 post
1175 1018 1239 1079 eor

217 1112 409 1211 inferiores
423 1113 561 1191 fuerint
575 1117 745 1192 volumus
766 1114 977 1206 observari,
993 1114 1043 1190 ita
1058 1116 1154 1210 quod
1171 1136 1237 1192 va·

218 1245 319 1310 cante
341 1229 548 1305 obedientia
573 1226 813 1312 succefforum
835 1226 1020 1304 aDecano
1039 1228 1098 1302 vel
1114 1249 1137 1302 a
1152 1228 1254 1309 Pte·-

215 1346 351 1443 posrto,
369 1346 395 1421 sn
414 1349 553 1423 decima
567 1346 681 1423 fuerit
695 1348 759 1424 iiia
773 1348 847 1425 fine
863 1349 960 1423 urnni
975 1347 1235 1425 contrudimin-

216 1487 259 1539 ne
287 1465 324 1538 in
347 1466 546 1541 continenti
570 1466 701 1543 debeat
722 1464 883 1542 investiri
911 1464 1110 1541 hominio*
1136 1489 1233 1546 are·

216 1578 370 1676 cipiente
385 1583 557 1680 requifito
576 1586 780 1663 nuliatenus
799 1597 863 1660 aut
878 1600 1040 1678 recepto.

162 1728 166 1845 i
304 1807 502 1889 statuimus
523 1813 632 1893 etiam
655 1814 753 1912 quod
776 1811 877 1887 nulla
891 1811 1039 1888 istarum
1058 1810 1228 1896 obedien.

162 1980 164 1987 ·
212 1926 343 2004 tiarurn
370 1929 433 2005 vel
448 1914 684 2006 Decimarum
708 1929 896 2004 dividatur
915 1923 976 2002 vel
1003 1925 1143 2003 duobus
1168 1914 1257 2008 vel¹

162 2048 166 2117 i
210 2049 377 2147 pluribus
396 2049 593 2150 affignetur
610 2048 670 2126 sed
690 2053 753 2125 uni
770 2065 911 2126 tantum
929 2048 962 2126 a
983 2069 1051 2144 per
1066 2051 1230 2133 ordinem

162 2178 163 2261 j
211 2159 423 2260 simpliciter
442 2179 551 2258 atque
568 2184 686 2260 pure,
710 2162 743 2234 d
762 2161 823 2257 qui
846 2176 1034 2236 vacantem
1058 2163 1230 2239 obedien·

162 2358 164 2379 :
210 2281 296 2356 tiam
313 2281 375 2355 vel
394 2280 569 2355 decimam
585 2277 679 2354 infra
694 2293 767 2352 tres
788 2276 860 2351 dies
883 2277 1043 2351 noluerit
1064 2294 1230 2375 accepta·

162 2410 164 2417 ’
210 2394 337 2490 rabbi
352 2396 510 2488 imputet
529 2393 664 2468 nuliam
686 2389 912 2515 postmodum
929 2388 1227 2489 habiturunpre.

162 2509 311 2586 stabit
328 2523 453 2583 autem
471 2501 751 2578 obedientiarius
769 2503 816 2542 “⁸
834 2503 1077 2592 juramentum
1101 2503 1183 2576 de
1172 2529 1228 2580 m-

162 2624 429 2741 dempnitate
463 2605 668 2715 obedientie
709 2616 872 2693 &fideli
903 2619 1225 2700 amministratione

162 2748 164 2771 ⁵
209 2734 491 2835 prebendarum,
505 2727 602 2824 quod
619 2747 697 2801 eam
716 2727 758 2800 de
774 2725 1029 2822 pinguioribus
1046 2727 1227 2826 poisesfio·
1273 2737 1275 2741 ’

212 2849 311 2929 nibus
330 2846 407 2922 sive
420 2837 635 2975 abedientijs
647 2839 815 2932 expediat
831 2836 863 2916 dt
879 2837 1076 2935 persolvat,
1092 2843 1227 2926 etiamsi

214 2968 403 3059 dampnum
420 2958 456 3032 in
471 2955 652 3052 aliquibus
670 2952 857 3049 sustineat,
882 2956 1079 3030 dummodo
1095 2957 1227 3052 poiies-

212 3081 301 3157 suune
319 3077 380 3153 vel
394 3073 493 3150 frudi
495 3096 526 3149 u
533 3071 674 3169 penitus
694 3094 768 3145 non
789 3071 987 3168 privetur,
1011 3073 1119 3150 Tunc
1133 3099 1225 3156 vero

216 3160 315 3292 inper
334 3187 542 3269 crescentes
548 3182 722 3261 frudun
712 3210 749 3260 nn
773 3183 853 3263 usus
878 3185 959 3261 suus
981 3191 1117 3283 poterit
1140 3214 1227 3270 con·

218 3326 355 3385 vertere
371 3327 454 3381 curn
469 3301 655 3398 prebenda
670 3298 827 3377 fratrum
850 3300 964 3382 fuerit
978 3308 1138 3384 totaliter
1162 3332 1225 3387 ex-

161 3487 165 3497 .
217 3423 338 3518 pedita.
388 3417 478 3490 Item
503 3414 688 3490 statuimus
712 3431 754 3493 ut
777 3436 949 3501 numerus
975 3416 1104 3516 viginti
1135 3443 1225 3517 qua·

161 3575 171 3590 -
221 3529 567 3608 tuurCanonicorum
581 3522 767 3622 Majorum
785 3524 1225 3608 inviolabiliterobserve·

161 3669 177 3699 -·
223 3657 291 3740 tur,
315 3641 368 3718 ita
392 3639 490 3737 quod
520 3637 640 3713 nullus
663 3633 727 3711 nist
751 3656 901 3710 vacante
922 3639 1108 3744 prebenda
1137 3663 1225 3739 qua·
1301 3696 1309 3729 ,

759 3760 801 3838 A
824 3781 848 3840 a
1119 3765 1175 3842 vis

264 3975 281 4014 ⁸
303 3936 397 4044 Idem
418 3967 507 4070 quod
527 3970 733 4066 homagium.

267 4136 306 4178 ’Ν
329 4137 395 4231 (ζυί
412 4156 522 4202 curam
543 4129 734 4202 obedientiae
749 4123 917 4222 cujusdam
931 4125 1042 4231 gestit,
1069 4129 1228 4257 obediem

309 4254 417 4319 tianius
434 4245 622 4342 vocabatur.
