3125 4934
639 431 909 511 *msam
1070 408 1073 417 ’
1185 471 1257 549 273-

279 635 458 733 probavit
487 633 683 711 ratificavit
702 634 749 711 de
780 636 1012 714 confirmavit
1042 623 1185 738 aliaque
1217 645 1306 725 fecit
1348 657 1365 699 ¹'

257 822 265 837 ,
277 759 394 839 prout
417 745 453 819 in
476 741 694 839 quibusdam
714 742 875 842 ipsorum
899 745 1014 820 Eleiii
1035 745 1208 846 Prepofiti
1229 755 1305 830 De·

277 859 360 934 cani
386 856 422 932 dc
448 859 608 954 Capituli
632 858 843 939 ausienticis
867 862 995 938 litteris
1024 885 1151 944 eorum
1179 870 1304 968 sigillis

277 975 426 1050 munitis
444 973 478 1048 dc
499 975 659 1075 flgillatis
677 989 831 1074 quarum
847 994 1008 1052 tenorem
1025 979 1062 1055 in
1073 984 1304 1067 cancellaria

277 1087 399 1163 nostra
421 1089 616 1188 diligenter
640 1091 763 1190 inspici
790 1091 1067 1190 &presentibus
1089 1096 1196 1174 inseri
1215 1099 1305 1178 feci·

272 1225 369 1297 mus,
393 1207 534 1302 plenius
556 1206 778 1300 continetur,
809 1212 935 1305 Quare
962 1229 1031 1301 pro
1049 1227 1152 1304 parte
1169 1214 1304 1312 Prepo.

270 1320 331 1401 ,srti
358 1321 495 1397 Decani
512 1322 546 1397 dc
565 1322 724 1418 Capituli
744 1323 995 1421 proditionum
1022 1324 1126 1398 nobis
1147 1325 1218 1401 fuit
1233 1327 1304 1403 hu·

274 1441 412 1516 militer
428 1438 667 1536 supplicatum
682 1452 724 1513 ut
741 1439 872 1514 statuto
887 1439 1106 1514 ordinationi
1121 1440 1156 1513 dc
1172 1441 1304 1521 consii-

274 1555 407 1629 tutioni
423 1553 571 1648 prefatis
582 1574 658 1648 pro¹
669 1553 815 1626 illorum
831 1549 1050 1626 subsistentia
1065 1551 1218 1628 firmiori
1238 1577 1302 1632 ro·

255 1673 347 1748 ‘bur
374 1672 568 1767 apostolice
593 1670 876 1746 consumationis
899 1668 1156 1767 adjiceremus,
1180 1694 1224 1746 ac
1247 1675 1299 1755 eis
1397 1747 1399 1750 ,

272 1790 310 1866 in
345 1789 522 1886 premitus
550 1806 731 1885 oportune
762 1787 960 1884 providero
999 1788 1045 1861 de
1077 1787 1301 1888 benignitate

270 1902 726 2005 apostolicadignarentur.
776 1904 854 1980 Nos
867 1900 1196 2003 igiturbujusnrodi
1215 1900 1300 2003 sup.

270 2022 457 2118 plicationi
475 2023 634 2099 inclinati
651 2024 822 2098 statutum
840 2021 1102 2096 ordinationem
1121 2019 1300 2095 &consti-

272 2138 450 2234 tutionem
473 2141 637 2235 predidla
658 2165 700 2215 ac
728 2160 939 2238 quecunque
965 2139 1047 2213 inde
1067 2135 1189 2212 secuta
1216 2153 1297 2227 rata

272 2255 446 2332 habentes
465 2245 505 2331 dc
518 2274 620 2357 grata
638 2281 678 2332 ea
702 2259 822 2332 onmia
835 2256 1054 2330 ansloritate
1079 2254 1295 2348 Apollolica

268 2371 361 2446 dreit
377 2388 474 2448 certa
492 2371 636 2449 scientia
656 2372 911 2447 coniiimanrus
930 2366 1147 2466 &presentis
1161 2368 1295 2465 Scripsi

267 2487 472 2581 patrocinio
496 2487 761 2562 communimus
789 2484 997 2579 supplentes
1025 2506 1147 2558 ornnes
1171 2484 1205 2557 d
1225 2482 1295 2560 fin-

247 2592 375 2709 *gulos
401 2601 562 2676 defessus
588 2602 610 2675 fi
637 2601 698 2697 qui
729 2601 993 2676 intervenerint
1018 2600 1055 2674 in
1075 2600 1231 2694 eisdem,
1258 2600 1295 2680 de
1404 2683 1408 2708 ἱ

267 2717 503 2794 nihilominus
533 2719 577 2790 ad
602 2717 845 2792 abundantem
869 2716 1046 2791 caertelam
1073 2714 1294 2791 actuoritati

266 2832 302 2906 tiz
319 2833 460 2907 crustela
481 2829 654 2906 finrilibus
678 2848 856 2927 perpetua
884 2827 1182 2926 &irrefragabili
1204 2851 1292 2905 con-

263 2942 448 3019 stitutione
465 2938 656 3015 sanilimus
672 2942 856 3016 statuimus
873 2939 907 3010 de
925 2938 1133 3012 ordinamus
1152 2989 1165 3030 ,
1190 2940 1290 3044 quod

261 3058 384 3134 nullus
411 3057 577 3154 deinceps
606 3058 800 3153 apostolica
830 3059 888 3132 vel
918 3055 1101 3130 ordinaria
1122 3069 1188 3128 aut
1216 3052 1290 3130 alia

230 3190 233 3203 ·
263 3170 394 3268 quavis
425 3168 643 3244 anctoritate
672 3171 732 3245 vel
766 3161 898 3270 vigore
920 3168 980 3243 seu
1006 3184 1178 3264 pretextu
1199 3186 1289 3262 qua·

260 3306 491 3382 rumcunque
508 3287 708 3386 gratiarum
734 3285 1048 3381 expeilativarum
1069 3285 1285 3360 facultatum

235 3455 239 3460 .
258 3392 548 3480 nominationum
566 3393 640 3470 ssve
655 3394 860 3471 litterarum
870 3395 1165 3490 Apostolicorum
1180 3394 1288 3488 Apo·

258 3509 384 3586 stolice
401 3505 491 3583 sedis
509 3510 565 3582 vel
580 3509 809 3609 -Legatorum
825 3507 901 3608 ejus
915 3532 957 3593 ac
974 3504 1202 3605 processuum
1222 3510 1286 3586 de·

257 3622 370 3717 super
395 3621 606 3699 habitorum
638 3621 699 3700 seu
720 3646 1019 3722 quarumcunque
1047 3621 1287 3699 collationum

256 3738 509 3844 provisionum
529 3738 798 3838 dispositionum
807 3757 871 3816 eut
879 3738 1167 3828 reservationem
1176 3742 1284 3833 Apo·

255 3855 466 3938 stolicarum
483 3851 548 3929 sub
568 3857 754 3954 quibusvis
772 3856 972 3933 verborum
994 3852 1121 3930 soumis
1148 3853 1183 3924 dr
1199 3869 1285 3930 cum

254 3973 327 4049 tali⁴
343 3990 407 4048 aut
427 3973 451 4048 ss
472 3977 585 4074 aliqui
606 3977 713 4076 super
732 3974 999 4076 provifionibus
1023 3973 1089 4049 nbi
1109 3968 1282 4048 faciendis

255 4086 303 4183 de
326 4088 595 4174 canonicatibus
618 4091 868 4194 &prebendis
885 4114 928 4169 ae
948 4086 1183 4194 dignitatibus
1197 4105 1296 4180 pers
1367 4141 1371 4152 x

311 4205 399 4286 Tem.
424 4207 475 4289 Χ.
627 4204 631 4211 ’
828 4208 852 4293 S
1124 4204 1228 4288 sone·
