3125 4934
630 457 898 535 *W
1175 406 1243 577 abt

272 664 353 729 tum
376 648 481 752 nobis
504 647 550 722 ab
574 645 648 720 alto
670 644 895 740 permittitur
920 643 1122 722 reformare
1147 649 1297 747 cupien-

222 834 239 853 ,
273 782 327 843 tes
345 764 535 864 presertim
556 763 651 839 circa
670 762 819 835 modom
840 760 1046 840 deformant
1069 788 1111 842 ac
1126 767 1296 863 expensas

273 880 605 981 emancipationum
637 901 820 957 novorum
849 883 1114 959 Canonieorum
1139 885 1175 963 in
1201 888 1299 987 didla
1329 918 1352 967 .·

272 1002 396 1081 nostra
421 1001 575 1078 Ecclefia
600 998 787 1095 hucusque
813 1001 1185 1105 alongisretroadlis
1205 1022 1297 1083 tem·

272 1120 429 1219 poribus
455 1113 667 1206 observata,
692 1115 787 1189 unde
812 1115 1001 1207 statuta&
1025 1117 1296 1201 consuetudines

274 1230 433 1328 desuper
448 1224 679 1319 laudabiliter
698 1227 794 1302 edita
812 1226 844 1299 u
868 1225 1058 1305 observata
1075 1230 1109 1306 de
1129 1226 1300 1310 observa·
1356 1302 1377 1333 ,

257 1363 330 1435 ,tas
356 1346 464 1441 salvis
479 1342 805 1443 modificationibus
822 1342 1058 1441 infrascriptis
1076 1349 1111 1423 in
1131 1346 1298 1427 omnibus

273 1462 317 1537 u.
327 1484 398 1558 per
420 1461 540 1536 omnia
563 1475 746 1555 tamquam
763 1457 992 1545 rationabilia
1015 1459 1298 1553 &rationabiles

273 1582 500 1661 ratificamus
527 1578 822 1675 &approbamus
838 1578 1061 1676 presencium
1077 1579 1140 1659 sub
1157 1603 1298 1688 tenore,

260 1697 541 1789 ¹Verumtamen
560 1695 596 1769 in
615 1692 710 1768 areta
726 1694 848 1770 nostra
862 1696 1168 1803 Ecclesraaqnam
1183 1699 1300 1795 pluri.-

273 1814 346 1921 bus
362 1815 463 1893 annis
479 1812 599 1889 extitit
617 1800 969 1910 observatumquod
993 1800 1183 1901 eanonicus
1206 1798 1299 1907 temss
1366 1865 1369 1870 -

261 1955 369 2034 pore
386 1931 447 2011 sue
463 1930 758 2027 emancipationis
774 1949 910 2031 graues
920 1933 1070 2029 inutiles
1087 1924 1301 2035 sumptus&

274 2047 451 2145 expensas
469 2062 543 2124 tam
561 2049 597 2123 in
618 2047 704 2122 vino
717 2049 874 2142 prelatis
892 2048 1081 2129 canonicis
1101 2051 1244 2149 vicarijs
1264 2049 1301 2133 ua

277 2163 431 2241 diversrs
456 2163 534 2261 aliJs
557 2177 629 2241 taur
655 2163 693 2239 in
709 2160 862 2275 Ecclefia
887 2185 996 2262 quam
1021 2180 1124 2241 extra
1148 2167 1300 2263 eandem

264 2289 480 2367 ,constitutis
497 2289 533 2364 in
553 2311 685 2388 magna
708 2289 907 2387 quantitate
929 2286 1167 2385 persolvendo
1191 2313 1300 2389 quam

277 2409 389 2484 etiam
412 2407 447 2482 in
464 2405 612 2501 diuersis
632 2405 1081 2507 commellbtionibusncum
1097 2407 1300 2505 multitudi-

277 2550 324 2605 ne
344 2521 569 2601 diversarum
593 2522 828 2622 personarum
847 2547 934 2625 quas
958 2526 1005 2601 ad
1030 2525 1183 2621 prandia
1207 2541 1299 2601 tam-

278 2671 391 2746 quam
416 2642 589 2723 convivas
613 2647 771 2722 invitare
793 2647 1055 2724 consueverant
1073 2669 1210 2725 necnon
1234 2672 1299 2746 pe·

267 2764 396 2859 ¹eunijs
413 2763 602 2853 canonicis
633 2761 829 2859 &vicariis
853 2778 1019 2857 tempore
1043 2765 1299 2864 emancipatio·

271 2877 334 2953 rtis
369 2896 414 2950 ae
438 2875 676 2969 prandiorum
709 2873 916 2968 hujusmodi
944 2871 1190 2972 exsolvendis,
1229 2899 1299 2977 que

278 3017 364 3073 eum
390 2990 468 3087 alijs
492 2990 783 3067 incumbentibus
814 2994 947 3068 eisdem
974 2996 1021 3067 ad
1044 3009 1177 3069 tantam
1204 2993 1300 3071 sunt.

278 3129 379 3205 suam
398 3101 655 3194 ascendebant,
681 3103 778 3200 quod
794 3102 974 3178 interdum
993 3104 1299 3200 uixreperieban·

279 3238 345 3301 tur
367 3220 499 3320 ydonei
517 3218 579 3314 qui
597 3216 799 3312 prebendas
815 3215 909 3290 diste
926 3214 1078 3290 Ecclefie
1102 3214 1220 3290 nostre
1241 3239 1316 3292 ac··
1363 3296 1365 3301 ,

279 3359 430 3438 ceptare
452 3363 493 3414 ac
519 3337 726 3436 hujusmodi
752 3357 863 3426 onera
888 3331 1008 3411 subire
1034 3336 1168 3409 vellent
1192 3349 1301 3432 atque

279 3453 444 3559 possent,
468 3467 621 3548 propter
637 3450 734 3546 quod
750 3449 934 3523 interdum
951 3446 1067 3522 minus
1081 3447 1227 3523 idoneos
1244 3469 1301 3524 re·

279 3569 356 3669 cipi
371 3568 564 3664 oportebat
584 3566 620 3639 in
641 3562 804 3660 predisle
820 3563 938 3638 nostre
961 3560 1114 3637 Eccleste
1136 3587 1210 3638 non
1224 3586 1301 3662 mo.

279 3681 404 3763 dicum
422 3684 700 3776 detrimentum,
725 3697 803 3755 tum
824 3680 932 3755 etiam
954 3680 1038 3776 quia
1062 3702 1107 3755 ax
1127 3702 1302 3757 commes-

278 3786 478 3871 sationibus
503 3794 710 3890 huJusmodi
739 3793 931 3870 ebrietates
965 3791 1006 3880 ,u
1032 3794 1102 3868 alia
1127 3790 1302 3874 ho'neslati

236 3886 244 3917 '
279 3911 443 3986 clericali
473 3911 654 3988 contraria
689 3908 908 3984 dzscandala
933 3909 1092 4004 plurimu
1116 3931 1305 4011 comperta

278 4020 364 4099 sunt
380 4027 610 4121 provenire,
634 4047 756 4122 ymmo
780 4026 878 4121 quod
899 4023 1086 4120 pesstmum
1107 4028 1155 4102 est
1179 4028 1303 4104 illicite

279 4140 466 4240 pelliones
484 4137 609 4238 sapere
635 4139 807 4215 videntur
823 4135 1055 4236 symoniam,
1081 4138 1211 4217 abusus
1233 4141 1300 4246 igi·

565 4339 567 4343 ,
816 4255 851 4333 R
878 4277 894 4350 5
1195 4271 1263 4366 tut

522 4434 524 4439 ,
609 4392 622 4453 i
