3125 4934
319 488 394 571 218
642 484 911 553 &awa
1025 486 1030 497 ·

273 675 440 781 pedibius
461 673 620 767 vicarius
642 672 837 757 secundum
862 678 1083 783 exigentiam
1108 690 1200 763 tune
1218 694 1298 767 tm

272 800 375 899 poris
390 800 427 875 tir
443 801 609 876 valorem
625 799 916 897 recompensabit
935 800 971 881 ic
987 800 1178 901 persolvet
1202 804 1313 907 jum,

275 912 507 993 assertionem
533 926 691 1011 quatuor
714 914 920 1009 proborum
945 914 1118 997 virorum
1147 906 1297 1018 quorum

273 1034 348 1110 duo
363 1050 433 1127 pro
457 1046 562 1131 parte
579 1026 667 1103 disti
682 1026 798 1105 vicari
799 1028 813 1129 j
829 1030 1032 1134 eligantur,
1056 1031 1225 1139 reliquos
1243 1056 1298 1113 ve-

271 1166 318 1225 ro
335 1147 425 1223 duos
450 1145 587 1245 eligant
610 1141 884 1219 Boubardus&
904 1145 1082 1221 canaam
1095 1148 1160 1223 vel
1180 1168 1300 1227 eorum

269 1262 424 1340 heredes
444 1256 698 1357 supradictis
716 1280 807 1335 vero
823 1259 958 1357 prefati
974 1273 1138 1359 quatuor
1151 1261 1241 1343 hinc
1254 1262 1301 1341 io·

271 1380 319 1455 de
336 1399 406 1477 per
421 1389 544 1475 partos
562 1374 670 1455 elesii
685 1372 974 1457 discordaverint
987 1378 1048 1455 vel
1062 1394 1205 1487 ‘tartum
1219 1404 1299 1459 con·

270 1501 422 1579 cordam
440 1496 682 1593 pronuntiare
701 1497 889 1593 potuerint
913 1498 974 1575 vel
994 1498 1188 1581 noluerint
1212 1499 1301 1579 inim

268 1611 430 1721 mensem
453 1610 665 1707 proximum
681 1635 765 1689 cum
780 1634 850 1711 per
871 1610 1010 1689 ditium
1027 1611 1215 1693 vicarium
1229 1612 1303 1693 fuo-

268 1734 346 1813 riot
358 1728 521 1828 requisiti
537 1751 585 1805 ex
605 1742 693 1807 tunc
711 1728 895 1808 murrum
912 1726 1146 1807 edificiorum
1167 1728 1301 1809 taxatio

268 1854 318 1929 ad
334 1848 512 1929 Demiror
537 1850 583 1926 de
600 1848 772 1945 Capitulo
790 1846 944 1925 Ecclesre
964 1846 1170 1927 Miudensis
1188 1850 1305 1949 predi·

270 1968 331 2045 bie
345 1963 389 2043 fit
403 1963 546 2064 penitus
564 1964 740 2043 devoluta
762 1962 799 2039 tir
815 1962 912 2039 dibie
932 1963 1046 2059 partis
1066 1962 1301 2061 prefatorum

215 2142 221 2155 ,
268 2081 517 2165 Domitiorum
533 2078 710 2159 taxationi
731 2076 769 2155 tir
781 2078 988 2157 diffinitioni
1002 2079 1151 2159 stabunt
1167 2080 1205 2159 ἀ
1221 2100 1302 2157 con·

267 2202 431 2283 corditer
443 2194 683 2295 acquiescent.
731 2198 772 2273 In
789 2218 947 2295 quorum
962 2194 1300 2277 omniumtestimo'-

265 2321 370 2402 nium
385 2310 642 2415 premissorum
666 2310 784 2411 maius
807 2312 966 2413 figillum
994 2313 1117 2390 nostre
1147 2314 1302 2393 civitatis

266 2460 343 2516 una
368 2457 452 2513 cum
478 2430 604 2534 sigillis
631 2427 884 2527 prodibiorum
907 2427 1046 2505 civium
1074 2426 1303 2528 presentibus

267 2555 440 2632 duximus
460 2549 742 2648 apponendum,
762 2549 810 2625 Et
832 2568 898 2622 nos
920 2548 1150 2626 Bernhardus
1174 2550 1302 2648 Coficm

265 2695 312 2748 ac
337 2667 511 2745 Corradus
531 2664 663 2756 Isnogel
683 2662 781 2740 cives
807 2661 1016 2738 Mindenses
1040 2658 1245 2760 supradicii
1265 2667 1302 2745 io

266 2781 432 2861 omnium
445 2776 698 2876 predictorum
714 2775 1002 2878 recognitionem
1023 2774 1300 2858 observantiam

263 2894 303 2973 tir
320 2889 545 2969 evidenciam
565 2888 767 2964 firmiorem
788 2907 857 2982 pro
879 2884 985 2961 nobis
1002 2886 1212 2988 nostrisque
1237 2891 1299 2969 he·

266 3001 416 3083 aedibus
441 2999 476 3075 tiz
501 2995 757 3075 successoribus
786 2995 902 3097 figilia
926 2995 1048 3071 nostra
1076 3001 1237 3096 propria
1259 3002 1301 3103 de

265 3118 388 3198 nostro
404 3109 496 3213 juss‘u
509 3111 544 3187 tic
558 3112 747 3185 voluntate
760 3102 986 3205 presentibus
1006 3107 1117 3186 etiam
1137 3108 1224 3188 sunt
1238 3132 1302 3207 ap·

267 3224 391 3330 pensa.
441 3224 578 3302 Datum
600 3242 695 3297 anno
712 3217 863 3298 Domini
878 3216 1076 3316 Millesrmo
1100 3218 1301 3298 tricentesi-

265 3361 329 3423 rno
345 3333 606 3438 septuagesimo
623 3331 754 3410 ociavo
770 3329 871 3409 sexta
891 3325 985 3405 seria
1004 3330 1085 3429 post
1103 3329 1244 3417 Jaobi.

315 3478 373 3550 30.
397 3454 488 3544 Julii.
