3125 4934
388 435 461 515 258
720 421 987 504 *ΝΜ

1333 538 1336 543 ·
1391 524 1395 571 l

344 634 466 700 tutum
482 612 651 692 nolumus
665 632 733 689 nec
747 610 964 688 intendimus
983 611 1020 688 in
1035 612 1159 710 aliquo
1178 608 1356 712 derogare.

346 741 519 818 Ceterum
562 725 647 824 quia
678 724 842 801 nonnulli
880 725 993 801 noliri
1029 723 1201 804 canonici
1242 741 1360 800 eorum

346 847 673 949 emancipationem
697 841 887 921 retroailis
907 844 1135 939 temporibus
1156 844 1193 921 iu
1209 842 1362 940 ejusdem

345 968 492 1057 ecclesie
507 960 627 1040 nostre
645 957 903 1035 detrimentum
923 955 1196 1054 &dispendium
1214 955 1363 1052 plusde·

345 1082 425 1170 bito
442 1080 676 1168 distulerunt,
699 1094 764 1148 nos
781 1074 945 1150 volentes
961 1072 1169 1171 huiusmodi
1184 1066 1365 1147 dilacioni·

345 1212 415 1290 bus
447 1212 621 1301 quantum
646 1188 830 1291 possumus
861 1193 1039 1287 obviare,
1070 1207 1199 1268 tenore
1224 1185 1365 1287 preseo·
1400 1244 1405 1297 ¹.

346 1330 444 1409 cium
470 1312 634 1396 addendo
657 1308 845 1385 statuimus
869 1306 1130 1387 &ordinamus
1155 1323 1197 1386 ut
1218 1303 1368 1404 quilibet

346 1439 550 1527 canonicus
566 1433 602 1506 in
618 1426 739 1504 nostra
758 1425 904 1502 ecclelia
923 1428 967 1502 de
985 1443 1107 1504 cetero
1128 1432 1174 1503 ad
1191 1425 1368 1524 majorem
1404 1504 1405 1509 a

344 1554 568 1666 prebendam
583 1556 750 1640 receptus
766 1538 828 1616 seu
847 1541 1015 1619 admiffus
1030 1566 1103 1620 nou
1121 1541 1368 1639 emancipatus

345 1687 442 1772 infra
456 1698 591 1758 annum
606 1695 628 1748 a
642 1687 808 1766 tempore
820 1667 881 1745 sue
899 1673 1119 1770 receptionis
1136 1669 1369 1747 &admirin-

346 1811 401 1891 nls
412 1798 583 1882 continue
598 1791 862 1868 nuinerandom
879 1786 917 1866 se
934 1791 1155 1887 emancipari
1169 1790 1293 1868 facere
1308 1791 1369 1866 de·

347 1925 433 2003 beat
448 1913 484 1990 dr
499 1919 665 1987 teneatur
679 1905 783 2002 juxto
806 1900 1003 1999 supradidli
1021 1904 1154 2002 prioris
1170 1905 1207 1980 dr
1222 1901 1368 2001 presen-

345 2037 375 2115 ti
391 2026 513 2111 statuti
535 2021 610 2109 five
627 2016 861 2092 ordinationis
881 2019 999 2094 rioilre
1016 2019 1164 2096 modum
1178 2017 1368 2095 continen-

345 2152 434 2229 tiam
453 2143 689 2219 &tenorem
713 2153 779 2208 nec
801 2132 945 2208 interim
968 2151 1163 2228 autequam
1181 2131 1231 2208 fic
1246 2154 1367 2209 eman·

345 2271 485 2369 eipatus
509 2252 623 2334 fuerit
645 2249 759 2328 didius
784 2248 864 2327 suos
888 2253 1137 2361 canonicatum
1160 2250 1367 2349 deprehen.

345 2389 429 2465 dam
447 2388 659 2478 permutare
683 2369 821 2466 poterit
837 2390 904 2446 nec
921 2368 1068 2445 debebit
1089 2392 1155 2444 nee
1173 2371 1208 2444 ei
1221 2391 1290 2467 per
1304 2390 1365 2446 nos

345 2513 393 2588 ad
411 2509 483 2583 boc
500 2498 643 2576 licentia
661 2496 886 2590 aliquatenus
904 2496 1143 2586 concedatur,
1168 2499 1367 2593 recipiendi

214 2664 225 2675 -
344 2641 437 2696 vero
449 2616 495 2691 ad
513 2611 671 2686 minores
693 2604 894 2701 prebendas
910 2607 1083 2701 quamdiu
1095 2607 1130 2680 in
1150 2608 1232 2704 ipfis
1250 2615 1365 2686 mium

344 2732 447 2814 ribus
463 2717 657 2822 prebendis
673 2716 809 2792 luerint
824 2719 869 2790 ad
880 2717 1112 2813 hocpropter
1128 2717 1363 2816 exiguitatem

342 2844 550 2931 reddituum
571 2837 729 2933 ipsarum
750 2834 933 2909 minorum
946 2832 1214 2930 prebendarum
1229 2838 1362 2912 astridli

344 2985 417 3040 non
436 2961 598 3039 existant.
627 2955 795 3052 quodque
813 2951 965 3049 quilibet
982 2953 1184 3029 canonicus
1196 2953 1232 3028 iu
1249 2957 1383 3032 nollra·

208 3072 211 3097 '
343 3076 499 3153 Ecclesia
508 3077 551 3148 <le
568 3086 688 3146 cetero
705 3066 931 3160 recipiendus
950 3063 1009 3141 seu
1023 3067 1267 3156 admittendus
1277 3086 1362 3147 tem-

342 3208 433 3285 pore
449 3181 509 3258 sue
527 3176 742 3272 receptionis
770 3175 804 3248 dr
824 3176 1040 3252 admililonis
1065 3179 1203 3279 jurabit
1220 3181 1268 3254 ad
1290 3181 1361 3260 san·

301 3395 305 3404 ,
343 3303 403 3379 tia
420 3303 489 3379 Dei
506 3295 706 3397 Evangelia
728 3316 796 3388 per
818 3290 851 3369 se
878 3296 936 3369 vel
961 3316 1238 3392 procuratorem
1265 3299 1362 3379 stium

343 3412 551 3512 hujusmodi
590 3406 857 3483 ordinationem
889 3405 963 3482 five
989 3409 1160 3486 llatutum
1186 3436 1258 3488 una
1284 3441 1362 3494 cum

341 3525 508 3629 predicto
527 3522 644 3621 priori
660 3522 790 3597 statuto
809 3519 845 3593 se
862 3521 956 3595 velle
972 3519 1006 3594 dr
1024 3524 1157 3598 debere
1172 3526 1363 3601 iuviolabb

341 3649 427 3733 liter
444 3639 648 3715 observare.
700 3637 739 3711 ln
758 3658 913 3732 quorum
940 3640 1102 3715 onmium
1128 3642 1247 3717 robur
1263 3642 1297 3717 dc
1313 3656 1362 3715 te·

340 3753 544 3836 stimonium
563 3746 718 3847 sigillum
738 3747 897 3822 nostrum
915 3746 1029 3844 majus
1050 3747 1280 3845 presentibus
1299 3753 1361 3825 du-

341 3865 461 3939 ximus
479 3865 768 3958 appendendum.
822 3864 956 3940 Datum
981 3866 1169 3944 &Acium
1191 3868 1316 3944 Minoe
1329 3869 1364 3945 in

341 3980 422 4056 loco
439 3981 558 4054 nostro
576 3980 776 4074 Capitulari
803 3977 974 4055 consueto
994 3982 1097 4057 nobis
1116 3983 1205 4059 inibi
1226 3986 1363 4082 capitu-

341 4096 468 4181 lariter
496 4096 739 4196 cougregatis.
793 4094 866 4172 Sub
888 4096 999 4172 Anno
1023 4119 1046 4172 a
1070 4097 1275 4175 Nativitate
1294 4097 1364 4176 Drii

1191 4212 1320 4296 llllllle·
1398 4208 1402 4239 ¹

1233 4591 1242 4643 l

1396 4304 1412 4605 l
