3125 4934
328 458 400 547 276
656 454 924 521 “Nm

284 638 467 721 vordensrs
494 640 774 721 Podeburnenfis
799 644 904 721 Dioc.
930 644 1112 743 Proposito
1135 650 1301 727 Eccieda·

284 782 367 841 rum
384 763 531 840 salutem
554 762 589 839 ἄ
609 765 856 857 Apostolicam
872 766 1177 847 benedidionem.
1228 774 1296 848 Ho-

284 873 342 949 die
358 895 426 970 pro
444 871 578 949 salubri
595 874 685 949 slatu
700 874 854 950 Ecclefie
868 874 1065 953 lilindensts
1079 876 1115 953 dt
1131 880 1228 957 illius
1247 905 1303 957 oc·

282 985 421 1064 tasone
438 986 576 1061 litteras
600 986 736 1063 nostras
759 986 989 1063 concessimus
1018 989 1054 1065 in
1078 988 1148 1067 hec
1172 993 1297 1067 verbm

281 1101 448 1177 Nicotaus
456 1098 651 1197 Episcopus
669 1099 794 1178 servus
811 1100 998 1179 servorum
1008 1105 1079 1180 Dei
1096 1107 1165 1183 dcc.
1178 1111 1199 1151 ·
1227 1110 1296 1185 Nos

280 1210 395 1315 igitur
413 1212 596 1307 cupientes
617 1228 658 1286 ut
673 1213 793 1288 littere
810 1212 977 1287 statutum
1006 1213 1039 1287 dr
1058 1218 1242 1292 ordinatio
1266 1216 1297 1291 dt

280 1322 487 1402 constitutio
510 1327 675 1421 prestera
699 1328 854 1403 firmiter
876 1322 1116 1406 observentur
1140 1332 1298 1429 dislique

277 1444 475 1545 Episcopus
498 1447 643 1522 [tetrus
672 1447 874 1544 Preposttus
900 1448 1066 1523 Decenus
1094 1450 1129 1522 dl
1152 1452 1300 1548 Capitu-

276 1562 354 1639 lum
381 1559 490 1656 super
513 1562 581 1659 hijs
616 1562 849 1659 imposterum
875 1562 1024 1638 minime
1049 1562 1298 1663 molestentur,

279 1676 499 1757 Discretioni
517 1681 636 1755 vestre
651 1702 717 1776 ρετ
733 1681 927 1776 apostolica
945 1678 1297 1777 scriptamandamos

278 1813 455 1897 quatenus
471 1818 537 1873 vos
553 1800 611 1872 vel
627 1799 699 1873 duo
716 1813 780 1873 aut
797 1821 888 1875 unns
903 1800 1058 1875 veslrum
1076 1823 1146 1896 ρετ
1161 1825 1229 1876 vos
1241 1807 1298 1881 vel

274 1914 387 1990 alium
409 1910 467 1990 seu
483 1914 572 1990 alios
587 1914 726 1992 faciatis
745 1916 882 1991 litteras
906 1917 1074 1991 statutum
1098 1915 1297 1992 ordinatio-

273 2054 356 2108 nem
391 2029 427 2119 tic
452 2032 738 2108 constitutionem
764 2029 972 2131 hujusmodi
1001 2033 1038 2108 in
1065 2033 1234 2109 omnibus
1261 2030 1296 2108 dr

272 2168 342 2246 per
363 2145 484 2221 omnia
501 2144 686 2244 perpetuis
701 2145 835 2222 futuris
850 2144 1078 2243 temporibus
1094 2146 1295 2223 austorita·

273 2272 310 2336 τε
325 2257 446 2333 nostra
469 2256 624 2333 firmiter
649 2255 962 2332 &inviolabiliter
987 2254 1199 2353 observari,
1224 2266 1302 2336 non'

271 2368 524 2465 permittentes
548 2364 765 2465 Episcopum
791 2364 955 2440 Eleslum
977 2364 1200 2463 Prepofitum
1223 2369 1294 2444 De·

269 2504 400 2560 canum
426 2481 463 2556 d
489 2481 696 2577 Capitulum
722 2478 884 2577 prefatos
911 2480 971 2557 seu
994 2484 1154 2579 aliquem
1175 2503 1225 2559 ex
1244 2481 1294 2559 eis

267 2600 378 2700 super
396 2599 573 2698 premissis
589 2601 649 2674 vel
669 2621 794 2675 eorum
813 2599 994 2678 occafione
1017 2602 1293 2721 quomodolibet

267 2717 439 2816 impediri
458 2714 518 2792 seu
535 2715 643 2791 etiam
659 2713 863 2809 molestari,
888 2738 958 2792 non
979 2718 1201 2795 obstantibus
1216 2744 1291 2796 om·

266 2837 373 2916 nibus
395 2836 488 2931 iltis,
514 2832 635 2932 quein
662 2831 765 2908 dislis
789 2833 918 2912 litteris
937 2841 1108 2914 volumus
1134 2862 1208 2915 non
1228 2840 1291 2916 ob·

265 2948 371 3038 stare,
382 2971 449 3022 nec
462 2968 533 3021 non
553 2943 870 3022 constitutionibus
889 2947 922 3021 e
942 2948 1072 3025 litteris
1085 2952 1288 3051 apostolicis

156 3067 159 3077 '
266 3060 624 3164 quibusvispersonis
639 3082 707 3156 pro
724 3075 889 3158 tempore
908 3067 1075 3144 conceffis
1085 3071 1288 3167 ceterisque

263 3174 454 3274 contrariis
470 3175 755 3272 quibuscumque
767 3172 827 3251 seu
847 3177 870 3251 st
891 3180 1072 3277 aliquibus
1085 3185 1289 3260 communi·

263 3308 321 3372 ter
337 3295 395 3368 vel
413 3289 552 3366 divifim
570 3313 592 3365 a
607 3289 687 3366 sede
700 3291 894 3386 apostolica
913 3292 956 3367 fit
967 3295 1176 3390 indultum,
1192 3297 1288 3393 quod

261 3409 429 3488 interdici
456 3406 619 3504 suspendi
649 3409 709 3483 vel
733 3409 1040 3484 excommunicari
1062 3433 1134 3486 non
1157 3414 1288 3510 poffint

261 3543 328 3620 per
343 3523 482 3596 litteras
498 3520 711 3618 apostolicas
734 3540 807 3592 non
824 3517 995 3596 facientes
1011 3523 1154 3616 plenam
1173 3522 1206 3599 dt
1225 3549 1288 3603 ex·

260 3637 414 3738 pressam
434 3662 477 3714 ac
499 3640 542 3712 de
560 3637 676 3712 verbo
696 3635 913 3711 adverbum
939 3641 982 3714 de
998 3639 1141 3715 indulto
1162 3639 1286 3740 hujus-

259 3756 360 3833 modi
391 3753 638 3849 mentionem,
673 3751 958 3848 contradiclores
990 3775 1059 3851 per
1095 3754 1284 3833 censuram

1111 3889 1238 3965 Eccle-

306 4049 478 4120 ⁶·Littcrae
500 4042 688 4117 immediate
719 4041 939 4144 praecedentes
968 4044 1023 4118 sub
1045 4050 1165 4128 rubro:
1191 4054 1284 4124 Con-

348 4144 493 4217 firmatio
517 4145 725 4244 quorundam
753 4142 965 4234 statutorum,
990 4143 1114 4221 inserta
1136 4147 1211 4223 sunt
1236 4154 1286 4241 inq

351 4259 462 4343 tegra.
