3125 4934
323 471 490 577 n
711 484 977 589 w

343 669 512 753 consensu
543 675 704 776 Capituli
728 675 839 754 nostri
864 676 999 755 eisdem
1030 671 1260 754 vendidimus
1291 671 1360 755 sub

340 793 606 869 conditionibus
624 791 719 870 infra
732 790 871 890 scriptis
884 791 1163 890 videlicerquod
1176 792 1241 890 ipsr
1256 808 1360 870 eum·
1384 876 1390 900 ι

344 915 425 988 dem
451 911 611 990 mansum
633 913 709 988 vite
731 909 793 987 sue
813 911 1039 1009 temporibus
1062 913 1178 990 libere
1203 911 1359 1010 poffide·
1404 972 1406 981 .

225 1082 229 1091 -
343 1031 459 1121 bont,
482 1029 542 1107 sed
562 1033 599 1109 in
619 1030 708 1110 sesto
730 1029 873 1128 prefato
894 1030 1012 1108 XXII.
1036 1027 1358 1108 solidosdcnario·
1402 1026 1406 1105 ’ἕ

211 1166 216 1175 ’
345 1166 429 1222 runt
447 1142 688 1221 Mindensrum
705 1143 1002 1236 dividendorum,
1028 1139 1268 1240 arsenoitas,
1289 1142 1358 1217 mi·

347 1257 561 1349 nillrabunt.
609 1259 826 1338 Distributio
850 1259 929 1334 talis
953 1259 1041 1354 erin
1065 1259 1161 1335 inter
1181 1250 1356 1335 Dominae

346 1374 546 1450 Canonicos
569 1388 658 1450 tunc
680 1371 861 1471 presentes
889 1394 1023 1451 novem
1047 1372 1151 1450 solidi
1182 1373 1358 1470 equaliter

347 1487 556 1563 dividentur
571 1487 770 1563 &totidem
785 1487 881 1562 inter
895 1507 1018 1562 ornnes
1033 1486 1190 1562 vicarios
1204 1501 1280 1562 tam
1296 1506 1359 1560 ve·

347 1611 442 1673 teres
458 1618 566 1694 quam
589 1595 753 1673 novellos
773 1595 1031 1689 Campanarios
1051 1610 1094 1671 ut
1115 1590 1199 1670 c'um
1214 1612 1360 1690 campa·
1390 1670 1396 1675 .

345 1713 401 1789 nis
414 1711 612 1808 maioribus
627 1706 859 1807 solempniter
869 1708 1034 1805 vesperas
1049 1704 1260 1805 prepulsent
1272 1706 1308 1782 dr
1322 1709 1361 1782 in

177 1796 179 1801 ⁵
217 1822 226 1837 ’·
348 1826 448 1903 horis
464 1822 543 1918 aliis
559 1811 689 1900 debitis
703 1821 850 1898 dabitur
862 1842 953 1897 unus
964 1818 1096 1897 solidus
1112 1820 1362 1915 Scholarionn

346 1959 440 2014 unus
457 1934 589 2015 solidus
607 1932 824 2030 camerariis
843 1930 905 2010 sex
928 1934 1065 2034 denarii
1080 1932 1363 2035 Rectoriiclro·

346 2054 467 2130 larum
483 2047 730 2134 &succentori
752 2046 814 2126 sex
828 2047 963 2144 denarii
979 2049 1148 2126 Canteoti
1165 2049 1205 2125 in
1220 2066 1364 2149 organo

348 2180 507 2264 quamor
532 2159 668 2260 denarii
688 2158 727 2238 ,ἃ
740 2158 824 2247 octo
847 2159 984 2259 denarii
1010 2144 1078 2256 pro
1104 2158 1242 2236 lumine
1264 2158 1363 2255 quod

348 2279 456 2360 exuri
471 2281 633 2356 totaliter
648 2277 900 2374 permittetur,
926 2277 1117 2355 Desunclis
1139 2293 1262 2355 aurem
1277 2298 1362 2373 pre·

351 2397 456 2477 dislis
472 2392 687 2474 ammiras
703 2397 778 2469 duo
794 2390 994 2470 sacerdotes
1011 2394 1138 2490 vicarii
1155 2392 1310 2492 Maioris
1327 2393 1362 2471 dt

241 2520 261 2553 ⁸·
348 2514 461 2619 primi
475 2513 645 2590 altarium
659 2508 865 2608 provisores
881 2513 1015 2591 eisdem
1038 2510 1228 2589 succedent
1244 2512 1282 2589 in
1298 2516 1362 2591 ad·

259 2652 261 2661 ·
349 2625 608 2708 ministratione
626 2622 789 2719 predidle
805 2621 1054 2700 consolationis
1070 2627 1132 2721 qni
1146 2648 1325 2702 annonam
1339 2650 1362 2705 a

351 2741 448 2820 didio
474 2734 596 2814 manso
626 2755 791 2834 tempore
820 2739 935 2816 meffis
962 2740 1150 2818 colleilam
1177 2741 1361 2838 usquead
1395 2740 1401 2773 ⁷

347 2854 594 2939 ascensionem¹
605 2855 754 2931 Domini
769 2852 926 2930 fideliter
944 2853 1227 2951 conservabunt,
1254 2881 1362 2955 quarn

349 2988 437 3048 tunc
451 2972 608 3053 vendent
621 2966 823 3088 dputemnc
835 2991 962 3045 eorum
977 2986 1050 3047 tres
1063 2967 1193 3063 solidos
1209 2973 1362 3071 recipiet

348 3102 419 3178 pro
435 3076 497 3155 sua
516 3078 753 3154 sollicitudine
774 3078 975 3175 elaboro,
996 3101 1041 3156 ac
1059 3082 1191 3156 deinde
1213 3085 1251 3161 in
1274 3083 1361 3163 sellu
1384 3084 1406 3179 ¹s

247 3176 250 3199 ¹
350 3201 533 3300 sepedidlo
555 3201 653 3295 quod
674 3220 757 3275 cum
776 3196 1025 3295 solempnitate
1046 3225 1180 3303 magna
1201 3202 1379 3313 servani:

348 3331 433 3406 tur,
456 3313 548 3391 stcut
577 3314 614 3387 in
642 3311 892 3407 constitutione
921 3316 1118 3423 'apostolica
1142 3322 1362 3421 continetur,
1403 3344 1406 3349 ·

348 3421 509 3528 personis
532 3421 705 3520 premissis
728 3421 899 3499 videlicet
913 3426 1160 3525 campanariis
1182 3430 1363 3515 Scholari.

224 3582 227 3589 ,
349 3536 418 3614 bus
447 3530 663 3625 camerariis
688 3530 867 3633 Magistro
900 3518 1101 3612 succentori
1126 3538 1296 3617 Cantanti
1326 3543 1366 3629 in

349 3661 490 3741 organo
510 3638 542 3712 dr
558 3638 606 3712 ad
622 3639 745 3712 lumen
765 3638 947 3718 dabuntur
958 3658 1116 3736 quatuor
1131 3642 1295 3724 solidiut
1307 3646 1365 3725 su·

350 3751 473 3852 perias
500 3749 549 3825 est
570 3745 796 3842 enpress'umi
818 3751 1000 3828 residuum
1025 3777 1115 3831 vero
1145 3773 1264 3837 toturn
1288 3746 1364 3839 stve

238 3962 241 3967 Ι
347 3869 506 3946 multum
523 3864 634 3938 suerit
650 3864 723 3939 slve
738 3887 868 3959 parom
882 3889 950 3961 pro
964 3869 1157 3947 medietate
1172 3871 1272 3950 inter
1287 3873 1365 3950 Do·

349 3983 465 4058 minos
488 3981 693 4083 Canonicos¹
708 3980 945 4078 presentes&
963 4008 1030 4082 pro
1056 3980 1250 4067 medietate
1272 3990 1384 4073 iuter·-

349 4110 471 4166 ornnes
489 4087 644 4168 vicarios
664 4089 844 4185 equaliter
866 4088 1074 4186 dividetur,
1099 4110 1278 4174 utautem
1299 4097 1367 4179 laec

1237 4237 1321 4296 sita
