3125 4934
255 625 385 705 acione
411 614 605 717 Kopsiiurr
628 624 761 705 dicitur
781 628 970 707 dumtaxat
994 610 1145 737 ercdpto
1168 626 1227 727 qui
1241 622 1287 707 ub·

281 744 421 821 oetavis
433 740 572 841 'pasche
586 764 699 840 usque
719 746 765 820 ud
784 738 1075 841 Assumptionem
1094 750 1198 825 berte
1214 746 1279 825 nto
1318 798 1330 813 ν

158 892 163 899 ·
279 862 333 939 ric
349 857 501 961 virginis
518 856 691 933 inelubve
702 856 885 955 presentes
903 860 937 936 dr
953 860 1127 937 continuo
1143 858 1281 939 residen-
1326 944 1331 955 ,

281 990 335 1051 tes
358 971 494 1051 fuerint
520 970 620 1048 annis
643 968 789 1072 ungulis
813 975 991 1070 equaliter
1014 973 1225 1051 dividentur
1244 974 1284 1051 itt
1328 958 1332 977 ¹

152 1077 154 1084 '
281 1099 403 1163 tumen
429 1087 527 1180 quod
552 1082 707 1180 predikii
732 1079 996 1161 ficrestdentes
1015 1084 1284 1183 proceffionibtt

279 1201 316 1277 dc
337 1198 522 1279 misorum
546 1197 750 1298 solempniis
773 1200 867 1278 infru
895 1202 1114 1301 scriptorum
1145 1220 1286 1304 quotuor

280 1320 455 1400 festorum
470 1320 603 1397 scilicet
620 1320 789 1407 Jobaunis
803 1339 1032 1421 anteponam
1049 1324 1195 1400 uenam
1215 1324 1290 1401 Pett-

172 1460 174 1467 ·
279 1435 436 1531 tbccojsen
451 1434 601 1514 Petri&
619 1435 724 1511 Pani
742 1434 952 1532 &prende
966 1435 1210 1535 Affumptinib
1223 1436 1291 1513 boo·

279 1551 441 1630 tharic
457 1565 647 1627 teneantur
661 1546 694 1624 dr
709 1551 865 1629 debeant
872 1550 1111 1655 personaliter
1122 1550 1292 1649 interesse,

281 1666 453 1760 quodque
467 1663 587 1738 nullus
609 1664 654 1737 de
671 1660 751 1757 ipsis
767 1662 1005 1739 residentibus
1024 1685 1090 1761 per
1104 1680 1179 1740 tres
1193 1661 1293 1764 septi·
1319 1672 1322 1679 '

279 1800 403 1861 manns
423 1778 609 1858 continuus
634 1778 736 1853 nmul
753 1777 872 1855 obesse
897 1781 1034 1877 poterit
1061 1801 1130 1857 uec
1153 1780 1293 1857 debebit

280 1896 377 1974 infru
401 1895 594 1972 termiu'um
612 1889 856 1990 prelibatum,
882 1893 1088 1989 quicunque
1110 1892 1294 1995 enim'pvr

281 2004 464 2109 predidics
498 2018 571 2079 tres
602 1998 817 2097 septimanus
849 2000 1013 2102 integrus,
1039 2001 1147 2079 stouui
1173 2004 1293 2083 obsunt

280 2124 418 2218 suerit,
444 2120 580 2202 etiamst
597 2112 877 2217 proceffionibus
895 2112 929 2189 dr
949 2114 1056 2193 mitiis
1071 2139 1233 2216 quatuor
1246 2122 1295 2200 sc·
1318 2172 1321 2177 -

279 2246 417 2323 ssorum
435 2239 646 2318 eorumdem
662 2230 806 2333 presens
824 2227 1038 2309 interfuisset
1050 2235 1109 2310 vel
1124 2226 1298 2341 interfud

278 2361 329 2438 rit
352 2357 462 2436 nichil
487 2351 633 2430 omniuo
658 2351 704 2424 de
722 2343 895 2445 predictis
922 2345 1024 2422 bonis
1044 2352 1294 2429 communibus

280 2466 459 2569 percipiet
489 2461 550 2541 sed
582 2458 664 2559 ipsu
687 2479 731 2535 eo
757 2477 852 2533 anno
879 2458 1018 2533 carebit
1038 2459 1183 2555 penitus
1208 2462 1295 2541 din

278 2597 381 2679 toto,
412 2580 617 2679 quicunque
643 2573 754 2651 etium
785 2571 967 2649 ditiorum
999 2571 1294 2655 refidenciumdr

281 2696 589 2793 quotienscunque
607 2687 644 2764 in
660 2682 942 2784 proceistunibus
967 2685 1002 2759 tiz
1022 2685 1130 2762 miiiis
1151 2689 1293 2789 cujusli-

277 2811 342 2888 bet
359 2808 438 2886 festi
462 2805 643 2880 ditiorum
663 2818 820 2900 quatuor
841 2797 1012 2878 fenorum
1034 2800 1297 2909 presentialiter¹

277 2920 569 3023 &personaliter
592 2938 664 2993 non
695 2914 904 2997 interfuerit
927 2932 1056 3011 quarta
1083 2933 1191 3012 purte
1213 2941 1301 3023 pre-i

277 3038 461 3115 ditiorum
493 3030 674 3104 bonorum
698 3025 764 3101 iilo
787 3046 881 3101 nuno
908 3027 1206 3121 provenientium
1229 3050 1293 3125 pro

277 3149 441 3249 quolibet
456 3145 537 3247 vice
558 3141 767 3244 huiusmodi
789 3136 850 3217 sue
872 3138 1031 3217 absentie
1047 3164 1175 3220 curere
1192 3147 1295 3224 debet

277 3266 422 3367 penitus
438 3261 473 3337 dc
494 3258 634 3363 carebit
648 3253 796 3357 proviso
811 3256 956 3352 quidem
975 3261 1073 3355 quod
1089 3259 1293 3339 celerarius

275 3382 396 3463 noster
410 3396 479 3474 pro
498 3392 663 3470 tempore
681 3373 725 3447 de
740 3370 901 3468 personis
922 3394 992 3469 que
1006 3372 1217 3469 hujusmodi
1234 3378 1295 3453 bo-

153 3550 158 3557 ,
275 3518 410 3575 norum
428 3491 636 3592 portionem
653 3484 892 3564 deservierint
913 3489 948 3564 in
965 3504 1043 3564 toto
1064 3492 1122 3565 vei
1140 3491 1178 3568 in
1193 3508 1303 3590 purte.

275 3627 341 3687 eut
355 3630 396 3682 eu
412 3627 537 3682 carere
560 3600 753 3678 debuerint
777 3597 982 3698 respecnm
1006 3601 1142 3680 habere
1166 3608 1297 3715 debent

274 3739 410 3816 eosque
425 3717 461 3793 dr
478 3736 604 3791 eorum
626 3712 827 3811 quemlibet
840 3717 877 3790 in
891 3717 1055 3812 quolibet
1068 3718 1200 3819 vigilia
1214 3721 1296 3797 bea·

275 3834 305 3910 ti
321 3835 442 3909 rbem
458 3827 607 3926 apostoli
620 3842 859 3924 uutteuipore
875 3829 1134 3933 distributionis
1152 3832 1229 3912 sive
1245 3830 1299 3909 di·

273 3949 419 4026 visionis
453 3946 603 4022 istorum
620 3943 800 4018 bonorum
824 3945 931 4019 etium
955 3964 1023 4040 per
1036 3947 1231 4042 proprium
1248 3945 1303 4046 ju·

178 4050 180 4055 ’
217 4098 219 4103 ·
276 4075 483 4140 rumentum
505 4055 533 4133 st
558 4056 595 4132 id
618 4055 665 4132 ab
693 4076 738 4134 eo
764 4071 912 4154 petatur
933 4078 1056 4135 corum
1078 4057 1184 4135 uobis
1210 4060 1249 4135 di
1266 4060 1307 4141 in

1129 4189 1255 4269 nostro
