3125 4934
188 462 193 479 '
282 462 385 564 Ιιἰι
644 467 915 598 m
1002 528 1027 555 o

266 666 455 768 potalibus
470 665 725 749 destituitur&
740 650 961 762 succumbit,
985 661 1096 764 super
1110 663 1292 767 quibnssi

267 772 451 857 Dominus
466 777 561 873 Papa
574 776 716 873 plenius
732 774 896 881 desaoiur
911 772 1187 870 informaretur,
1200 782 1290 875 pre.

266 889 421 974 sumitur
436 896 534 990 quod
557 895 595 972 in
617 891 858 992 prejudicium
875 888 1113 999 Ecclefiarum
1134 893 1224 975 talia
1250 890 1296 983 dt,

267 1022 368 1086 tanta
390 1009 596 1087 nullatenus
609 1020 866 1098 attemptaret,
890 1018 987 1083 nunc
1000 1028 1091 1083 uero
1113 1008 1158 1084 de
1172 1009 1233 1090 dia
1246 1008 1287 1089 in

267 1113 364 1196 diem
380 1117 572 1217 insurgunt
594 1119 638 1194 de
658 1117 767 1195 modo
791 1115 1012 1214 impetrandi
1033 1119 1101 1198 alie
1124 1120 1291 1218 prejudi.

222 1218 225 1223 ⁵
267 1236 376 1319 ciaies
418 1232 574 1336 eeclefijs
616 1230 843 1310 &obnoxie
881 1232 1084 1332 novitates,
1112 1234 1292 1323 videlicet

184 1348 187 1357 '
268 1349 368 1447 quod
382 1347 428 1425 ad
444 1345 685 1445 quorumdam
701 1344 977 1438 exploratorum
990 1369 1060 1443 per
1074 1362 1288 1432 terraseva.

266 1464 431 1572 gantium
448 1459 689 1563 suggestiones
706 1459 895 1541 inducitur
904 1484 1030 1561 ymmo
1043 1466 1167 1545 verius
1180 1467 1290 1551 sedo

178 1584 205 1661 '.
267 1587 365 1667 crtus
380 1582 559 1662 Domrnus
574 1582 669 1678 Papa
681 1584 728 1661 ad
741 1579 1000 1662 reservandum
1013 1582 1217 1679 prebendas
1231 1586 1287 1667 dt

264 1698 421 1809 gnitates
437 1695 471 1770 da
489 1695 562 1773 alia
578 1692 753 1773 beneficia
767 1694 1056 1790 personarum
1019 1696 1231 1777 vivencium
1250 1698 1288 1779 d

167 1865 171 1875 ·
263 1812 440 1894 beneficia
470 1809 533 1890 sua
557 1809 737 1891 canonice
758 1809 1015 1907 poffidencium
1042 1819 1288 1912 quorumdam
1318 1818 1320 1823 ’

184 1934 195 1949 ’
264 1926 374 2016 ctiam
403 1934 647 2017 inhabilitates
668 1934 822 2014 crimina
856 1933 1080 2017 &defessus
1100 1961 1174 2021 non
1203 1944 1287 2026 zelo

249 2050 501 2134 comestionis
524 2064 589 2127 aut
610 2048 768 2128 caritatis
791 2049 908 2129 eider'n
930 2051 1017 2134 licet
1035 2053 1125 2133 falso
1146 2059 1285 2147 demun

182 2162 187 2171 ’
263 2168 357 2248 tiant
377 2186 451 2244 non
481 2165 760 2291 querendoque
786 2161 859 2243 Dei
879 2161 961 2263 sunt
981 2165 1042 2244 sed
1065 2169 1186 2274 ipsos,
1210 2203 1285 2279 qua

261 2275 522 2357 ficutdlucra
536 2258 1169 2381 mrpiaqueexindeobsequmtur,
1193 2293 1285 2377 dum

227 2392 229 2397 ’
261 2393 1287 2519 aliosadimpetrandumhuiusmodibeneficiainducunt

197 2571 200 2577 .
260 2509 332 2590 suis
348 2505 477 2585 dolods
489 2501 785 2603 persuasionibus
804 2503 1025 2605 informant,
1048 2515 1256 2600 Zisauiam
1238 2550 1283 2609 ru

259 2625 424 2723 Ecciedjs
444 2621 583 2703 servire
612 2620 836 2726 debuerant,
853 2623 1097 2730 seminando,
1122 2662 1285 2736 quarum

258 2726 465 2826 novitatuni
486 2760 596 2816 unam
618 2758 714 2818 nunc
735 2739 779 2818 de
801 2720 936 2818 iasio
925 2767 962 2821 m
982 2749 1109 2830 eadem
1124 2754 1283 2842 Ecclesia

243 2861 379 2944 'nostra
392 2854 623 2955 percepimus
639 2853 852 2951 processisse.
906 2859 1063 2960 Quidam
1083 2871 1181 2953 enim
1201 2872 1281 2954 Lu.

209 3047 213 3065 .
258 2979 397 3076 mabar
411 2978 453 3056 de
472 2974 586 3058 ssorne
598 2972 860 3069 Prcpo'fituram
875 2978 1031 3058 Ecclene
1044 2982 1157 3064 sancu
1172 2991 1280 3073 Mor.

257 3091 324 3176 tini
346 3088 381 3165 dr
402 3087 473 3166 alia
489 3085 664 3183 beneficia
685 3109 755 3185 que
775 3087 998 3169 honorabilis
1022 3095 1083 3176 vir
1095 3098 1280 3189 Dominus

255 3203 472 3295 Borcbardus
487 3198 591 3300 Poscis
606 3200 758 3296 persona
774 3203 901 3303 legalis
920 3204 1068 3286 honesta
1090 3211 1278 3307 &deuota

255 3317 442 3402 canonico
464 3311 625 3413 ingressu
648 3317 801 3419 adeptus
820 3320 994 3415 quamdiu
1008 3325 1154 3405 viveret
1168 3334 1278 3429 poss

235 3467 236 3470 ι
254 3437 386 3524 debat,
410 3427 543 3509 dicitur
564 3442 749 3530 tamquam
766 3429 952 3512 reservata
966 3457 1035 3532 per
1050 3437 1170 3520 sedem
1186 3469 1274 3544 apo

252 3552 414 3640 ssplicato
435 3547 665 3646 impetrasse,
696 3574 804 3647 quam
836 3550 983 3652 quidetn
1007 3556 1276 3662 Prepofflpram

251 3665 409 3763 Ecclesia
433 3664 545 3743 sbodii
568 3666 726 3748 Martini
748 3667 973 3749 honorabilis
1000 3675 1060 3754 vir
1094 3676 1275 3765 Dominus

250 3756 416 3864 Hioricns
435 3777 543 3880 Gripp
557 3801 625 3875 per
635 3780 850 3862 eledbonem
861 3782 1079 3866 canonicam
1098 3791 1276 3878 asibcutus

216 3932 220 3941 1
251 3893 378 3972 daria
402 3887 659 3970 beneficiat
595 3890 703 3993 ipnus
726 3892 801 3974 Dfii
825 3896 1016 3975 Bortbardi
1034 3895 1175 3982 scilicet
1190 3926 1276 4002 pre

250 4009 405 4090 bendum
437 4001 741 4104 &supplementa
766 3997 1036 4108 prebendarum
1063 4013 1115 4112 bij
1140 4021 1274 4120 quibus

150 4184 152 4191 .
248 4121 288 4229 in
302 4120 456 4202 Ecclesia
479 4119 599 4199 nostra
619 4141 688 4223 per
711 4120 891 4217 diresiuru
916 4127 1052 4232 gradus
1036 4129 1276 4235 sdordinis

1165 4239 1255 4382 sui

161 4362 302 4432 ..ffl-
