3125 4934
440 564 442 569 .
571 482 840 555 mv*
1126 509 1196 589 nc

228 688 311 762 mus,
336 668 412 749 Nos
431 669 546 773 igitur
568 671 743 757 Jobanms
767 671 809 750 de
825 670 982 755 Burdesio
994 674 1115 761 senior
1131 684 1242 784 Capi.

228 789 282 863 nn
300 791 487 864 omanus
503 788 544 863 a
572 785 894 887 iumarrepontus
911 797 1130 889 nauseans
1150 806 1239 882 rar
1329 786 1332 791 ’
1379 820 1390 879 0.

164 916 352 978 maumas
375 895 577 998 Schoseker
566 927 603 978 ιη
637 902 690 978 Lo
724 906 900 990 Johannes
927 914 967 987 de
996 914 1210 993 Norrheim
1200 942 1239 1000 m

223 1007 415 1110 amensa,
439 1014 736 1113 Archidyaconi,
762 1019 854 1091 Bodo
871 1020 913 1094 de
928 1022 1197 1125 HesensenPrep
1198 1055 1238 1105 o·
1356 1002 1360 1013 ⁴

219 1118 293 1200 fitus
314 1124 471 1201 Ecclefie
493 1124 605 1201 santii
573 1127 810 1211 {Jouannis
844 1127 1042 1209 M1nnenss
1074 1137 1141 1213 Aah
1143 1156 1237 1218 crtus

224 1236 730 1337 Weygewinrtheiiaurarios‚
757 1244 982 1329 Hordeonius
1001 1252 1235 1355 Groperdorpp

217 1355 347 1433 Cantor
361 1354 544 1432 Maramo
559 1358 669 1431 del
620 1358 669 1431 Al
668 1373 723 1430 ten
737 1354 923 1433 Baranam
947 1361 1148 1440 Boianouose
1165 1368 1235 1441 Ro·
1343 1434 1347 1445 .

214 1469 348 1567 aiulphus
369 1470 420 1541 de
426 1466 529 1562 Horfi
545 1469 761 1542 Hnmannas
784 1468 1159 1549 Schwartewooot
1111 1477 1171 1551 At
1158 1498 1234 1559 ner

211 1595 262 1659 ius
280 1584 325 1658 de
341 1580 501 1659 Lethelen
529 1581 689 1671 canonici
715 1598 905 1681 totumque
935 1587 1142 1684 Capitulum
1168 1598 1234 1672 Ec·

163 1686 312 1775 elene
325 1692 520 1796 predicte
509 1721 546 1772 sn
569 1699 649 1779 loco
667 1696 870 1792 eapitunri
884 1697 1062 1778 Generaie
1082 1703 1233 1806 Capitu-

208 1814 282 1892 lom
298 1809 370 1887 hac
386 1811 446 1886 die
462 1806 556 1885 infra
575 1809 707 1908 scripta
726 1808 950 1889 celebrantes
973 1837 1016 1893 ac
1045 1820 1233 1917 represen·
1237 1904 1240 1909 ,

207 1938 320 2003 tantos
338 1920 590 2021 cau’tulariter
615 1921 828 2021 congregati
843 1920 1016 2016 presentis
1032 1926 1154 2004 statuti
1173 1954 1233 2010 re
1276 1966 1279 1971 ·
1314 1950 1319 1963 “

206 2036 335 2117 divino
351 2034 548 2139 suffiagio
538 2061 574 2114 ro
588 2053 760 2133 quantum
783 2035 959 2116 abolitum
980 2037 1148 2140 videtur,
1172 2046 1233 2127 re·

162 2202 164 2207 .
205 2138 347 2229 notare
363 2170 407 2225 ac
419 2142 574 2233 inviridi
594 2147 1028 2227 obseruantiuobi'ervare
1046 2155 1232 2251 cupientes

206 2266 359 2355 eundern
396 2261 657 2337 ordinationem
684 2259 758 2336 siue
786 2261 954 2336 statutum
984 2268 1231 2359 approbamus
1357 2362 1361 2367 ι

205 2374 474 2459 &innovamus
489 2402 529 2452 ac
547 2379 590 2452 de
608 2398 707 2452 novo
726 2374 751 2451 ss
770 2397 909 2474 opust
880 2375 909 2451 f
907 2376 991 2452 tent
1008 2380 1232 2457 constitutio-

205 2518 251 2576 ne
268 2494 306 2572 in
331 2508 550 2590 perpetuom
575 2489 734 2566 valitura
753 2491 938 2566 statuimus
962 2490 997 2567 tit
1023 2496 1231 2575 ordinamus
1277 2484 1282 2502 ⁸

203 2612 241 2691 io
262 2605 432 2685 omnibus
461 2604 532 2680 suis
557 2601 723 2680 clausulis
749 2601 784 2676 tiz
809 2603 986 2702 Capitulis
1010 2605 1232 2702 presentium

162 2758 165 2769 ·
205 2726 270 2804 sub
294 2738 421 2805 tenore
445 2710 621 2794 volentes
638 2733 678 2791 ut
702 2735 774 2814 quo
798 2719 844 2791 ad
868 2716 949 2792 illos
980 2718 1043 2816 qui
1064 2732 1233 2819 tempore
1368 2746 1371 2751 ’

205 2830 429 2915 executionis
471 2825 630 2928 ejusdem
672 2830 707 2904 in
739 2827 834 2905 uiua
868 2828 1022 2906 Ecciefia
1050 2830 1233 2911 Mindenss

205 2954 325 3035 fienda
345 2971 434 3051 quos
454 2947 658 3047 prediciunr
676 2947 846 3022 statutum
868 2941 943 3022 five
960 2944 1138 3024 ordinatio
1157 2966 1233 3026 tan·

206 3070 261 3174 git
288 3067 327 3144 in
350 3066 507 3144 Ciuitate
539 3058 719 3139 Mindenfi
756 3058 937 3156 presentes
964 3083 1008 3139 ac
1039 3060 1231 3143 reficientes

204 3186 346 3267 fuerint
367 3207 387 3257 a
405 3181 462 3257 die
478 3176 699 3257 executionis
724 3177 884 3272 eiusdem
906 3178 1064 3255 inantea
1082 3172 1237 3279 pienum

206 3305 243 3382 ot
267 3300 422 3397 firmum
438 3295 555 3372 robor
576 3294 729 3387 recipiat
750 3293 783 3366 oz
802 3294 992 3392 vigorem,
1030 3289 1147 3393 quoad
1165 3300 1231 3374 ab·

205 3416 322 3495 sentes
339 3429 462 3488 autern
475 3401 764 3505 predecefforunr
781 3407 985 3482 nostrorum
1001 3409 1188 3510 vestigiis
1178 3434 1232 3487 ro

206 3542 373 3627 herendo
396 3535 617 3613 volumus&
640 3537 846 3611 ordinamus
870 3538 966 3633 qood
984 3535 1036 3611 iili
1061 3537 1233 3641 uidelicet

206 3658 272 3759 qui
295 3655 392 3733 infra
399 3648 567 3739 diocessn
599 3651 634 3725 sit
662 3651 889 3756 Provinciam
922 3650 1170 3728 Colonieosem
1194 3653 1234 3759 pt

205 3776 298 3857 locis
323 3771 452 3848 ticinis
480 3769 618 3847 fuerint
644 3789 759 3865 nsque
790 3769 836 3843 ad
869 3767 995 3845 festum
1028 3770 1233 3868 Palmurum
1283 3848 1285 3853 ,
1375 3854 1377 3860 ,

204 3878 442 3985 proximum,
474 3880 533 3974 aiij
565 3895 686 3954 autem
710 3873 770 3974 qui
794 3876 831 3951 in
860 3877 1023 3954 Romana
1052 3877 1163 3954 Coria
1200 3873 1236 3950 o

204 3994 298 4079 loeis
326 3993 475 4073 remotis
494 3995 630 4096 degunt
646 3984 680 4066 ἂι
699 4003 849 4066 mtoran
851 4013 895 4067 ur
834 3988 1007 4067 tinfru
1023 3990 1083 4067 sen
1099 3986 1234 4068 menses

203 4138 230 4193 u
249 4116 309 4191 die
327 4111 423 4189 diiie
437 4105 705 4207 executionisse
720 4109 767 4181 ad
784 4107 918 4184 ditium
941 4106 1097 4184 nostram
1117 4107 1237 4181 Eccie
1346 4162 1351 4175 .

700 4222 737 4298 H
765 4240 789 4300 2
1098 4218 1189 4296 fiant
