3125 4934
335 490 407 569 282
666 482 937 550 mm

283 670 403 751 robur
416 670 608 773 apostolice
622 674 906 755 confirmationis
920 677 1081 776 adjicere
1099 682 1150 759 dc
1168 680 1307 785 speciali

284 795 406 891 gratia
429 796 642 896 dignaretur
663 794 827 893 prefatus
846 796 1075 894 predeccll'or
1097 799 1300 897 hujusmodi

284 906 606 1009 supplicationibus
623 935 783 989 annuens
800 915 918 990 coluit
938 912 973 988 ti
990 914 1162 995 concessit
1182 920 1297 997 videli

286 1050 345 1111 cet
368 1034 500 1149 odiavo
526 1036 609 1111 ldus
625 1032 714 1134 julij
739 1035 970 1114 Pontificatus
994 1035 1049 1113 sui
1070 1060 1169 1115 anno
1187 1042 1298 1139 prino

282 1170 385 1231 certo
403 1155 514 1257 judici
529 1150 636 1232 dari'
625 1178 661 1232 ιιι
675 1156 850 1231 mandatis
869 1154 950 1233 uto
967 1154 1078 1233 ell'et
1066 1174 1118 1234 tta
1132 1158 1294 1243 statuturo

283 1268 548 1346 ordinationem
571 1268 932 1353 &confirmationem
958 1268 1120 1366 predidla
1145 1272 1295 1350 rudiori

282 1392 358 1457 tote
371 1382 566 1479 apostolica
582 1368 816 1459 confirmaret
836 1406 881 1462 ac
895 1382 1006 1461 'etiam
1023 1381 1212 1481 suppleret
1227 1408 1294 1463 on·

279 1524 343 1580 nes
360 1500 520 1580 deledlus
538 1501 566 1580 sr
581 1504 642 1601 qui
657 1502 1090 1581 intervenill‘entforfitao
1111 1505 1149 1581 in
1169 1506 1294 1582 eisdenr

278 1642 324 1698 ac
343 1622 555 1699 decerneret
568 1618 688 1697 irritas
701 1613 740 1695 'dr
756 1620 876 1696 inanes
894 1642 1139 1718 quoscumque
1157 1639 1294 1696 excom·

276 1733 772 1837 municationissuspenfionis
790 1734 1020 1816 deinterdidli
1034 1734 1226 1814 sententias
1243 1730 1296 1807 seu

278 1855 445 1939 censuras
468 1854 493 1934 li
482 1879 603 1957 rquas
626 1874 754 1935 contra
772 1854 939 1955 premissa
961 1856 1192 1957 contingeret
1215 1875 1296 1951 pro·

278 1975 462 2099 mulgeri,
486 1972 811 2051 constitutionibus
830 1972 1032 2070 apostolicis
1056 1971 1090 2047 di
1112 1970 1192 2069 alijs
1219 1992 1297 2046 con·

275 2080 398 2204 trariis
423 2124 495 2181 noo
526 2102 748 2187 obstantibus
777 2102 1078 2201 quibuscunque·f
1106 2124 1157 2177 ne
1176 2117 1297 2177 antero

274 2239 405 2320 proco
427 2216 526 2315 quod
549 2210 660 2313 super
673 2216 862 2292 voluntate
886 2212 1158 2301 daconceffione
1176 2212 1298 2311 presa·

273 2342 321 2418 tis
344 2338 465 2415 littere
488 2332 698 2429 Apostolice
719 2332 877 2432 predidli
892 2332 1149 2433 predecellilris
1172 2330 1300 2441 super·

273 2458 444 2538 veniente
468 2452 571 2531 obitu
589 2452 754 2532 confeele
777 2476 852 2532 non
869 2454 1021 2533 fuerunt
1040 2455 1201 2552 predidli
1213 2454 1300 2533 Pre-

272 2574 409 2676 pofitus
425 2572 592 2649 Decanus
615 2568 651 2646 dr
670 2569 881 2666 Capitulum
899 2572 1114 2648 earumdem
1128 2571 1299 2646 volunta·

270 2692 317 2768 tis
344 2689 378 2764 de
407 2682 637 2764 concellionis
664 2681 888 2761 frustrentur
910 2682 1042 2761 effediu
1066 2686 1234 2760 uolentes
1259 2685 1296 2761 dr

271 2801 490 2885 audioritatc
511 2796 723 2896 Apostolica
747 2798 982 2875 decernentes
1003 2798 1101 2896 quod
1124 2798 1296 2877 voluntas

270 2923 308 2999 dr
321 2915 493 2998 conceffio
510 2910 675 3013 predidle
693 2910 801 3008 ipfius
814 2910 1067 3008 predecessoris
1082 2934 1105 2987 a
1122 2911 1220 2988 didla
1236 2914 1294 2993 die

268 3016 679 3111 videlicetodlavo'idu's
692 3022 771 3123 julij
787 3026 938 3121 perinde
947 3026 1050 3102 suum
1067 3020 1291 3121 consequan-

267 3166 331 3227 tur
347 3142 516 3223 effectum
531 3165 575 3221 oc
588 3138 611 3214 fi
626 3137 734 3235 snper
749 3138 798 3214 eis
814 3139 900 3216 didli
919 3135 1177 3237 predecessoris
1194 3138 1290 3215 litte·

267 3292 311 3350 re
326 3265 391 3345 sub
408 3261 516 3362 ipstus
535 3259 606 3337 diei
622 3262 703 3334 data
723 3254 887 3336 confedle
900 3256 1042 3335 fodient
1058 3275 1172 3355 prout
1184 3257 1290 3359 supe·

267 3390 344 3467 rius
362 3397 571 3473 enarratur,
598 3379 766 3474 quodque
787 3374 966 3473 presentes
992 3377 1112 3452 littere
1141 3380 1188 3452 ad
1207 3366 1302 3474 pro·¹

264 3500 427 3578 bandum
451 3494 557 3590 plene
576 3491 802 3581 voluntatem
830 3486 1142 3564 &conceffiouem
1165 3490 1289 3585 predi.

264 3619 340 3696 llas
357 3604 614 3712 predecessoris
635 3607 794 3701 ejusdem
812 3603 947 3702 ubique
965 3602 1141 3680 sufficiant
1158 3630 1227 3683 nec
1238 3607 1287 3683 'ad

263 3734 304 3812 id
337 3722 560 3827 probationis
586 3718 734 3794 alterius
768 3719 1026 3795 adminiculum
1058 3716 1287 3818 requiratur,

261 3834 471 3922 discretioni
503 3844 564 3906 tue
589 3851 657 3928 per
679 3828 889 3925 Apostolica
916 3827 1047 3924 scripta
1071 3832 1285 3913 mandamus

262 3968 480 4054 quatenus1
457 3948 481 4020 li
498 3944 568 4019 ell'
561 3958 610 4018 lta
626 3944 851 4017 voluntatem
869 3939 902 4015 dr
923 3938 1071 4018 concell
1062 3962 1183 4019 onem
1200 3966 1284 4041 pre·

261 4069 374 4146 dieta<
390 4058 644 4160 predecessoris
668 4059 827 4155 ejusdem
850 4072 962 4151 prout
980 4037 1144 4150 superius
1166 4062 1283 4138 conti·

260 4200 368 4266 uetur
391 4183 431 4261 in
454 4175 619 4257 omuibus
646 4173 767 4276 deper
791 4169 912 4249 omnia
935 4171 1060 4251 eadem
1085 4170 1284 4265 apostolica

593 4321 598 4337 ·
1102 4288 1232 4371 audio·
1294 4346 1300 4353 -
