3125 4934
308 626 473 708 Diacono
490 622 681 702 Cardinale
702 619 792 698 sedis
809 574 1021 722 Apostoiice
1038 620 1177 722 Legata
1195 617 1243 693 ad
1263 639 1329 706 ex-

311 742 516 841 equendum
534 740 669 825 ibidem
687 737 901 816 vifitationis
917 739 978 812 vel
995 733 1229 834 inquisrtionis
1245 731 1327 808 offi-

310 862 407 940 cium
423 855 585 933 destinati
599 857 753 954 quedam
767 853 804 929 in
818 876 860 929 ea
877 853 1044 928 duximus
1057 848 1249 927 salubriter
1265 865 1328 920 or·

194 984 205 1007 ⁶
311 971 487 1064 dinanda,
512 988 583 1066 que
603 966 741 1043 statutis
765 963 893 1064 &alijs
912 961 1152 1040 amminiculis
1174 961 1329 1062 dignum

311 1085 478 1164 duximus
496 1081 665 1160 stabilire.
714 1078 898 1176 Inprimis
922 1080 1060 1180 igitur,
1082 1076 1268 1154 statuimus
1287 1086 1330 1149 ut

284 1254 286 1262 ,
306 1213 432 1286 decem
448 1203 686 1280 obedientie*
702 1202 737 1278 oz
753 1200 835 1276 ouo
853 1201 989 1277 decime
1005 1199 1094 1275 ficut
1107 1195 1188 1274 sunt
1204 1193 1328 1272 distin-

305 1319 365 1395 ete
386 1338 455 1413 per
480 1311 702 1410 Prepofitum
727 1310 918 1387 Custodem
937 1308 1168 1385 scolasticum
1189 1307 1332 1384 Canto*-

306 1461 385 1518 rem
401 1434 435 1511 de
452 1430 652 1510 Canonicos
668 1425 873 1506 Mindenses
897 1428 1112 1505 auetoritate
1127 1428 1328 1522 preceden-

204 1544 206 1548 ⁴
305 1565 342 1628 te
356 1543 525 1647 Epilbopi
541 1541 749 1639 &Capituli
765 1541 800 1616 de
817 1542 1080 1638 approbatione
1093 1543 1326 1640 postmodnm

250 1706 252 1711 ·
304 1663 492 1744 subsecuta
520 1666 699 1757 perpetio
730 1656 778 1735 stc
802 1673 970 1734 maneant
993 1654 1228 1756 inconvulso,
1252 1662 1325 1743 hoc

303 1777 422 1880 ipsum
439 1777 484 1854 de
499 1773 625 1854 bannis
642 1778 811 1857 volumus
830 1775 1017 1856 observari
1039 1775 1100 1872 qui
1121 1772 1217 1851 dicre
1240 1777 1324 1854 visr-

155 1915 156 1920 ‘
303 1892 451 1973 tationis
473 1906 638 1988 tempore
658 1893 703 1968 de
726 1889 894 1972 consensu
919 1893 1078 1992 eiusdem
1095 1894 1262 1992 Episcopi
1286 1897 1324 1974 de

241 2108 244 2115 Ι
303 2000 464 2102 Capimli
480 2000 518 2076 in
533 2000 1039 2105 quinqucArchidyaconatus
1057 2005 1324 2089 rationabiliter

300 2119 384 2199 sunt
406 2113 561 2193 distindii
575 2119 740 2215 exceptis
765 2119 835 2196 illis
860 2119 922 2219 qui
944 2119 1138 2217 prelaturis
1155 2122 1321 2204 Ecclesia

301 2224 384 2306 sunt
397 2227 542 2305 annexi.
592 2229 789 2309 Statuimus
812 2230 956 2331 insuper
972 2237 1068 2332 quod
1086 2256 1236 2332 excepta
1256 2240 1323 2327 illa

301 2343 509 2422 'obedientia
530 2343 772 2438 Henningheen
794 2371 864 2444 que
886 2350 1113 2446 Prepofiture
1140 2373 1322 2453 perpetuo

302 2459 352 2534 est
366 2469 522 2548 annexa,
540 2475 661 2537 cetere
675 2483 809 2538 novem
828 2461 970 2562 semper
983 2463 1229 2563 superioribus
1242 2483 1323 2574 post

301 2571 492 2650 Decanum
508 2565 703 2648 secundum
721 2572 884 2650 ordinem
900 2575 1142 2678 dignentur,
1156 2582 1180 2658 sr
1195 2565 1328 2672 autem

301 2682 461 2781 aliquem
480 2678 628 2760 illorum
648 2703 781 2763 novem
797 2689 982 2789 contingat
996 2693 1124 2772 cedere
1140 2700 1197 2775 vel
1215 2699 1319 2785 dece‘·

1178 2819 1267 2899 dere
1338 2891 1341 2894 ,

346 3022 363 3054 *
388 3015 591 3090 Obedieatiae
610 3017 799 3098 dicebantur
812 3027 872 3100 illae
890 3039 1033 3131 grangiae
1046 3036 1086 3108 ab
1104 3043 1243 3122 ecclesiis
1256 3047 1314 3124 de·

395 3116 596 3213 pendentes,
621 3145 757 3219 quarunt
773 3125 893 3198 reditur
912 3155 972 3226 pro
987 3154 1076 3231 parte
1093 3148 1186 3212 certia
1197 3148 1314 3222 Eccle-
1348 3159 1351 3163 ’

393 3211 445 3286 fiae
467 3212 610 3313 personis
628 3216 863 3316 affignabantur
885 3224 977 3299 subin
1003 3237 1099 3304 etiam
1121 3263 1180 3332 per
1200 3251 1313 3342 optio.

392 3336 481 3382 nem.
533 3313 587 3382 sie
608 3341 739 3414 quoque
752 3321 858 3410 cellae,
887 3320 1047 3402 Prioratus
1061 3335 1204 3422 rurales,
1228 3346 1314 3414 Prae·

391 3406 541 3507 posrturae
563 3418 803 3489 monachorum
823 3419 918 3492 dide
936 3422 1007 3494 lunt
1023 3427 1217 3508 obedientiae
1269 3424 1316 3512 eo

394 3503 485 3603 quod
502 3512 657 3582 monachi
672 3510 712 3582 ab
738 3516 862 3590 Abbate
877 3518 952 3591 illuc
969 3524 1178 3601 mittebantur
1192 3495 1318 3610 vi’obe·

391 3605 542 3691 diemde,
568 3623 604 3676 ut
618 3632 729 3681 earum
746 3637 857 3685 cutam
873 3639 1024 3712 gererent
1039 3642 1092 3692 aut
1106 3643 1157 3697 eae
1172 3627 1314 3707 deservi·

303 3731 310 3749 ν
390 3721 474 3772 rent.
512 3705 619 3780 Math.
631 3703 724 3784 Paris.
738 3732 791 3782 an.
812 3726 911 3801 1238.
923 3717 1241 3802 exstatutoHonorii
1253 3735 1300 3804 lll
1355 3718 1359 3726 ¹

391 3791 1311 3929 Pl’.Necalienicommittaturaliqnaabedientiaperpe:

389 3896 632 3990 tuopoffldenda
648 3905 714 3974 &a
740 3906 928 3980 Concilium
942 3915 1162 3995 Eboracense:
1184 3944 1309 4024 actergo

390 3993 559 4062 monacbis
575 3997 747 4070 adimatur
759 4017 967 4102 oportunitas
984 4017 1171 4111 evagandi,
1196 4026 1309 4119 prohi-

390 4083 519 4173 bemus,
543 4117 583 4160 ne
606 4095 752 4186 reditus,
777 4126 858 4198 qnos
874 4103 1073 4184 obedientias
1098 4138 1239 4206 uacant,
1262 4120 1310 4195 ed

379 4182 520 4276 firmam
537 4205 686 4268 teneant.
