3125 4934
587 470 859 561 ww
1114 500 1400 598 ¹07'.

210 682 342 773 iiincat
357 686 611 767 distributione
631 689 901 788 prebendarum
930 688 1073 768 matura
1096 690 1234 787 delibe-
1362 711 1366 719 ·

177 832 181 851 ’
211 811 356 888 ratione
380 805 573 906 prehabito
604 805 839 904 unanimique
864 805 1043 884 consensu
1069 815 1233 890 omnium

210 923 378 1002 nostram
402 945 469 1001 nec
488 945 561 998 non
580 921 792 1000 Reverendi
823 921 860 996 in
889 920 1031 998 Christo
1051 924 1165 1004 Patris
1189 912 1234 1010 ac
1347 989 1350 999 2
1406 956 1411 965 ·

210 1045 367 1124 Domini
392 1045 504 1124 nostri
538 1046 689 1121 Domini
725 1034 902 1121 Lodowici
915 1043 1089 1146 Episcopi
1121 1053 1234 1130 nostri
1315 1033 1318 1039 ¹

211 1155 443 1257 beneplacito
454 1156 494 1257 tir
514 1151 649 1251 effenstt
661 1157 718 1249 ‚ad
733 1156 771 1249 id
797 1159 1051 1237 accedentibus
1075 1164 1234 1241 inviola·
1253 1160 1276 1254 J

210 1271 338 1350 biliter
368 1271 412 1349 ἃ,
432 1288 618 1379 perpetuo·
647 1271 816 1346 duximus
857 1271 1083 1361 statuendum
1116 1295 1158 1355 ut
1186 1268 1235 1355 en

213 1416 311 1472 nunc
327 1389 513 1467 Celeraria
528 1384 603 1485 ipsa
616 1405 726 1485 penes
745 1385 954 1483 Capitulum
971 1389 1131 1466 nostrum
1149 1378 1236 1488 per·

213 1516 380 1596 maneat,
407 1501 457 1579 ita
471 1501 661 1593 videlicet,
686 1497 1018 1597 qnodsupcriorin
1030 1504 1148 1605 gradu
1165 1505 1236 1580 Ca-

212 1620 365 1699 nonicus
380 1614 458 1715 post
477 1610 700 1713 Prepofitum
711 1612 941 1692 enecanum
959 1618 1138 1719 gradatim
1155 1604 1235 1696 der·

215 1732 525 1824 candentiumque
540 1724 812 1834 adinferiorem
823 1728 1045 1818 Canonicum
1061 1730 1239 1826 nnjorcm

172 1452 182 2011 x
213 1873 334 1935 tamen
346 1849 569 1949 prebendam
579 1849 773 1925 habentem
788 1849 835 1924 ad
848 1849 988 1925 annum·
1001 1849 1150 1928 unumst
1166 1872 1235 1924 vo·
1321 1862 1324 1869 ·

175 2018 181 2045 ι
214 1973 326 2055 luerit
343 1965 476 2040 dimam
494 1963 717 2042 Celcrariam
734 1978 927 2059 acceptare
949 1966 1086 2060 poterit
1111 1967 1150 2040 cir
1168 1968 1234 2044 ha·
1281 1997 1286 2008 ·

213 2099 315 2190 bere,
335 2087 398 2186 qui
413 2078 602 2184 postquam
617 2083 877 2180 acceptaverit,
899 2083 1129 2165 restdentiem
1145 2084 1251 2163 feci·¹

214 2225 250 2286 et
261 2197 514 2303 personalem,
548 2194 590 2271 ut
607 2197 705 2272 ultra
726 2196 814 2271 duas
838 2193 1054 2292 septimanas
1080 2194 1152 2272 stne
1168 2198 1237 2274 cn-

194 2310 590 2409 'nonicorumficentia
605 2314 800 2410 aliquando
817 2335 891 2390 non
913 2311 956 2387 fit
973 2309 1118 2405 absens,
1143 2315 1237 2413 alio·
1351 2317 1357 2339 “

215 2450 299 2550 quin
319 2467 369 2535 ex
388 2456 474 2516 tnnc
492 2438 530 2514 in
545 2436 692 2533 optione
712 2436 757 2513 fit
771 2438 879 2535 ipfius
897 2438 1047 2535 capituli
1061 2460 1129 2534 pro
1147 2438 1235 2517 reti.-

216 2566 286 2639 duo
303 2575 472 2653 tempore
488 2551 583 2628 illius
597 2553 683 2629 anni
698 2555 920 2632 Celerariom
933 2554 1160 2642 committere
1175 2565 1237 2644 cui

176 2636 182 2761 i
215 2678 318 2756 velit.
370 2667 543 2772 Qualibet
564 2667 673 2744 etiam
691 2668 781 2747 feria
797 2667 953 2746 secunda
966 2671 1135 2765 proxime
1150 2695 1237 2769 pre.
1352 2663 1355 2669 ’

215 2793 365 2869 cedente
381 2785 476 2861 diem
499 2784 594 2861 beati
609 2785 738 2876 Jacobi
759 2785 929 2883 Apostoli
949 2783 1074 2883 jurare
1095 2791 1236 2871 tenebi-

215 2923 275 3005 tur
292 2902 469 3000 ,Capitulo
487 2899 607 2976 nostro
630 2894 749 2996 seper
768 2921 905 2975 annum
931 2899 1139 2995 hujusmodi
1160 2901 1236 2982 fra·

214 3026 316 3122 trum
332 3019 598 3095 Canonicorum'
613 3006 827 3113 *prebendas
843 3015 976 3094 debere
992 3016 1149 3094 fideliter
1167 3022 1237 3098 mi.

177 3140 180 3223 ἶ
215 3145 377 3222 nistrare.
430 3135 599 3210 Ceterum
609 3133 643 3237 ¹fi
660 3131 852 3229 quisquam
874 3131 1141 3210 canonicorum
1158 3134 1235 3214 for.

177 3244 180 3293 ⁵
216 3276 248 3336 tc
264 3257 383 3335 nollet
396 3248 432 3326 se
448 3252 491 3326 de
509 3248 709 3328 Celieraria
724 3245 800 3346 ipsa
815 3248 1058 3332 intromittere
1072 3251 1134 3328 illa
1154 3253 1236 3335 vice

181 3370 183 3375 ’
216 3398 310 3454 anno
333 3366 518 3468 adipsum
541 3383 582 3441 ut
600 3366 826 3463 premittitur
852 3369 1013 3468 legitime
1039 3372 1236 3472 devoluto,

175 3562 183 3585 „
216 3496 370 3585 inferior
394 3483 469 3583 ipso
490 3488 608 3582 quoad
631 3484 785 3586 gradum
808 3483 1046 3593 &introitum
1068 3483 1104 3562 se
1122 3488 1146 3562 fi
1167 3514 1234 3566 vo.

174 3590 178 3699 ἶ
215 3614 327 3693 luerit
345 3603 587 3693 intromittat,
612 3619 653 3677 ut
672 3599 882 3678 ficdecurfis
899 3600 1071 3701 gradibus
1085 3603 1234 3679 inferio·

174 3724 179 3741 '
214 3733 316 3810 ribus
343 3721 572 3821 fingulariter
596 3717 630 3790 tiz
652 3715 761 3790 finitis
786 3717 903 3790 denuo
942 3717 1005 3791 fiet
1037 3718 1234 3815 reinceptio
1317 3760 1321 3770 ·

173 3828 177 3922 i
213 3868 238 3920 a
262 3834 517 3936 superioribus
543 3829 732 3906 Canonicis
770 3826 873 3926 juxta
904 3829 1058 3905 fermam
1090 3815 1133 3904 ὅὶ
1155 3855 1234 3908 mo·

173 3966 177 3971 ’
216 3963 302 4033 dum
328 3951 500 4051 superius,
518 3961 740 4043 pneumatos.
791 3942 929 4020 Acium
958 3946 1237 4036 ordinatum&

164 3999 176 4161 ,Ι
213 4081 388 4159 statutum
419 4071 530 4148 Anno
572 4065 719 4141 Domini
753 4064 947 4140 Miilefimo
991 4065 1231 4146 tricentesnno

159 4214 166 4283 ἰ
214 4197 395 4280 triccfimo
421 4192 541 4295 primo
571 4187 646 4288 ipso
670 4188 727 4263 die
754 4187 850 4265 beati
878 4185 1112 4294 Bartholonrei'
1129 4192 1238 4287 Apo.
1354 4239 1356 4242 .

563 4325 567 4340 ²
1104 4300 1183 4376 stoli
