3125 4934
307 515 378 575 ποι
637 494 905 559 m

259 683 427 787 praufete
452 709 523 785 que
542 686 755 783 frequenter
776 698 934 782 propter
944 680 1214 792 {negligentiam
1225 681 1301 768 de·

260 803 448 883 seclum&
475 805 643 883 defidiam
671 801 820 879 illorum
838 804 899 901 qui
914 801 1056 883 studlus
1081 807 1290 905 prebenda-

163 992 166 997 ,
260 938 345 996 rum
370 915 525 997 fratrum
557 914 1106 997 &canonicorumabsentium
1133 923 1290 1018 propria

263 1033 379 1108 dirtos
420 1035 626 1135 'Uppeleg'ede
651 1035 818 1130 propende
844 1034 1226 1134 colligeredebebmt
1250 1035 1288 1113 ἂ

184 1143 201 1169 “
261 1145 432 1222 colledlos
456 1149 502 1221 ad
522 1142 604 1221 usus
632 1139 792 1239 Capituli
819 1141 1009 1221 reservare
1049 1146 1201 1247 grandia
1232 1143 1289 1220 di·

262 1250 409 1347 sperdia
433 1255 642 1351 patiebatur
672 1272 864 1329 occurrere
888 1253 1173 1355 desiderabiliter
1196 1251 1287 1330 affe·

263 1361 402 1439 &autes
426 1363 673 1439 ordinavimus
700 1358 985 1459 &presentibus
1009 1365 1221 1441 ordinamus
1244 1376 1289 1440 ut

265 1479 338 1553 duo
357 1464 528 1552 Canoniei
545 1497 614 1570 per
630 1475 837 1570 Capitulum
855 1476 1014 1553 nostrum
1032 1479 1104 1555 side
1117 1479 1219 1581 digni
1230 1473 1290 1553 as·

262 1594 452 1675 sumantur
474 1595 535 1688 qui
563 1591 793 1670 sacrosandiis
823 1595 1029 1696 Evangeiijs
1055 1595 1160 1672 tablis
1184 1593 1287 1695 jura·

263 1712 356 1813 bunt
381 1711 478 1807 quod
496 1696 653 1786 fideliter
676 1709 818 1786 fruetus
834 1711 1103 1806 prebendarum
1121 1712 1286 1790 Canoni-

263 1856 393 1921 corum
409 1830 609 1905 absentium
625 1828 661 1902 da
678 1831 787 1905 etiam
816 1825 1036 1925 presentium
1057 1832 1209 1928 proprie
1231 1833 1292 1911 di«

264 1949 344 2027 {ios
362 1945 597 2043 Uppelegede
622 1945 810 2040 provenda
838 1944 1014 2046 colligent
1036 1945 1130 2020 bona
1155 1945 1230 2022 fide
1247 1947 1287 2025 dc

264 2059 435 2157 quitquid
463 2059 678 2157 collegerint
694 2056 796 2133 fimul
812 2060 869 2132 vei
881 2055 1072 2135 suecefflve
1093 2063 1138 2133 ad
1152 2059 1287 2140 elliam

263 2181 403 2255 duabus
423 2162 587 2254 clavibus
603 2178 838 2253 claudendam
853 2175 1003 2273 postam
1019 2180 1065 2253 ad
1083 2181 1287 2258 armarium

260 2296 449 2397 ponent&
470 2295 604 2370 ibidem
629 2293 844 2371 conseruent
869 2294 1052 2391 nichilque
1076 2297 1121 2371 de
1147 2298 1290 2377 eisdem

261 2406 458 2512 prebendis
489 2410 546 2481 vei
569 2407 653 2484 cille
670 2408 847 2503 recipient
862 2407 1031 2507 Capitulo
1049 2410 1170 2484 nostro
1190 2411 1286 2488 irre·

261 2525 434 2628 quifitodr
451 2521 558 2618 ipstus
573 2522 735 2618 expreffo
745 2546 817 2599 non
831 2526 1023 2600 accedente
1040 2525 1209 2602 consensu
1219 2529 1286 2608 nist

261 2640 361 2718 sorte
395 2644 491 2717 circa
521 2644 708 2719 duodecim
739 2640 870 2718 solidos
898 2641 1106 2718 Mindenser
1128 2645 1288 2724 utilitate

260 2760 321 2831 vel
338 2753 540 2832 neccisrtate
563 2756 722 2851 Capituli
744 2755 855 2831 nostri
880 2754 1102 2831 confiderata
1122 2780 1193 2854 pro
1220 2786 1288 2840 ne·

259 2874 370 2977 gotijs
389 2874 544 2968 Capituli
565 2873 674 2949 nostri
693 2887 754 2946 aut
767 2894 836 2968 pro
853 2872 989 2968 nuncijs
1006 2873 1140 2948 alicubi
1165 2893 1294 2956 trans.

259 2995 467 3085 mittendis,
489 2987 516 3067 ¹il
540 3007 662 3067 autem
692 2990 769 3085 alijs
792 3013 838 3066 err
861 2991 980 3068 officio
1009 2994 1187 3072 Collediio
1204 2998 1287 3079 sm.

261 3114 388 3192 diuum
404 3129 445 3209 ut
459 3109 684 3211 premittitur
708 3109 977 3204 prebendarum
1004 3113 1234 3208 competierit
1249 3117 1287 3196 dc

258 3235 435 3334 colligere
456 3230 660 3324 voluerint,
687 3228 947 3305 illintanebunt
962 3232 1284 3331 colligentdtcon·

259 3347 406 3428 servent
426 3351 534 3425 modo
554 3346 588 3420 dc
610 3346 729 3421 forma
744 3364 855 3444 prout
878 3345 1041 3442 superius
1065 3351 1115 3426 est
1136 3350 1284 3446 expres·

259 3463 363 3559 sum,
386 3460 551 3560 preterea
571 3461 778 3536 ordinamus
796 3475 837 3535 ut
872 3457 896 3535 fi
921 3461 1050 3564 aliquis
1078 3462 1284 3541 Canonicus

260 3580 481 3678 quicumque
509 3574 621 3650 suerit
637 3573 698 3669 qui
716 3572 946 3650 resrdenciam
963 3573 1084 3651 solitus
1103 3577 1147 3655 stt
1160 3578 1285 3658 facere

259 3687 485 3788 personalem
523 3692 582 3764 vel
613 3684 850 3789 personaliter
882 3689 995 3764 vellet
1025 3689 1185 3769 refidere
1221 3686 1285 3771 sod

259 3820 415 3910 propter
433 3823 570 3881 metum
590 3802 754 3901 corporis
773 3804 809 3879 dr
825 3825 948 3881 rerum
970 3826 1043 3882 non
1063 3811 1284 3887 atrderetre-

259 3922 446 4002 fidentiam
468 3921 590 3998 facere
605 3919 830 4016 personalem
846 3923 931 3998 dum
947 3926 1058 3999 modo
1075 3946 1200 4001 coram
1215 3945 1282 4000 no·

258 4058 315 4136 bis
343 4077 481 4136 metum
504 4056 781 4158 protestetur&
811 4060 1017 4155 juramento
1049 4059 1283 4138 confirmaret

219 4230 224 4245 .
259 4177 319 4254 vel
335 4196 403 4276 per
433 4188 711 4277 procuratorem
747 4172 905 4253 stmetus
924 4174 1093 4254 celeriter
1107 4169 1281 4268 superme-

1122 4287 1233 4391 niret,
