3125 4934
667 475 936 546 &Ma
1196 502 1269 568 Mi

282 676 440 757 sedibus
455 671 569 753 elisios
591 675 740 767 domum
756 672 943 751 curiam&
960 693 1083 749 aream
1102 694 1185 751 eum
1203 672 1324 751 omni·

283 793 353 870 bus
370 792 517 893 juribus
530 790 564 865 tir
578 789 810 889 pertinentijs
825 787 895 867 suis
910 791 1046 868 locavit
1062 808 1240 888 perpetuo
1257 793 1323 871 he·

229 922 247 947 ⁸
287 908 1327 1010 bendasupoffidendassubconditionibusinfrascriptis,

286 1023 338 1100 ita
357 1025 534 1103 videlieet
550 1026 649 1126 quod
671 1025 781 1125 ijdem
809 1022 942 1101 fratres
964 1020 1146 1099 &eorum
1168 1021 1322 1101 heredes

287 1133 351 1208 vel
367 1134 591 1232 quicumque
611 1137 796 1232 predisias
819 1139 968 1217 domum
990 1138 1129 1216 curiam
1145 1134 1181 1211 ἀ
1196 1156 1322 1212 aream

261 1292 263 1297 ·
288 1252 490 1332 habuerint
500 1251 562 1330 ¹vel
578 1253 800 1353 possederint
808 1255 1214 1359 exindepulsaeionibus
1232 1257 1323 1332 dus-

260 1382 375 1447 'rum
406 1368 590 1470 majomm
615 1396 875 1471 campanarum
911 1377 1008 1456 diile
1033 1374 1154 1451 nosire
1176 1368 1322 1451 eoeleste
1388 1361 1398 1479 ,³

286 1482 430 1586 preesse
462 1485 648 1564 debebunt
673 1491 901 1589 temporibus
930 1494 977 1569 od
1005 1492 1078 1567 hoo
1097 1488 1237 1565 statutis
1260 1506 1323 1561 eo·

285 1623 373 1680 rum
390 1600 551 1699 proprijs
577 1599 781 1700 sumptibus
802 1604 838 1680 se
859 1603 1021 1702 expensis
1046 1602 1119 1679 sine
1148 1622 1239 1677 eura
1260 1596 1322 1675 vei

284 1716 419 1793 labore
431 1713 494 1791 seu
509 1716 672 1825 expensis
684 1719 814 1818 vicarij
830 1719 987 1818 prediili
1003 1717 1127 1795 altoris
1142 1737 1212 1814 pro
1227 1731 1321 1790 tem·
1409 1720 1412 1727 '

284 1854 383 1930 pore
400 1830 604 1930 exilientis,
628 1834 848 1933 &quociens
862 1838 898 1914 in
911 1838 984 1915 hoe
998 1835 1223 1937 negligentes
1240 1828 1321 1909 sue·

283 1949 415 2031 rint&
435 1951 638 2049 culpabiles
656 1951 766 2051 super
780 1955 853 2031 hoe
868 1955 1008 2053 reperti
1027 1950 1168 2029 &visli
1182 1948 1322 2026 suerint

283 2071 427 2146 tociens
448 2069 514 2166 ipsi
530 2070 667 2149 reslorl
692 2088 851 2170 quatuor
872 2072 1003 2149 solidos
1021 2070 1193 2174 gravium
1210 2071 1321 2143 dena·

284 2186 433 2265 riorum
449 2186 580 2265 Minde
593 2190 767 2289 leg-elium
785 2184 923 2267 dabunt
944 2187 1188 2267 &exsolvent
1210 2182 1245 2259 st
1265 2182 1320 2259 ni-

282 2305 508 2382 chilominus
534 2305 680 2403 prefato
705 2308 791 2386 Dlio
815 2307 974 2395 Jilanni
998 2304 1034 2382 o
1060 2297 1320 2382 successoribus

281 2427 413 2504 suisio
431 2426 707 2507 vicariaslteris
729 2430 903 2506 untedisli
928 2426 1117 2525 perpetuis
1141 2422 1320 2520 tempori·

282 2534 359 2625 bus
391 2545 538 2646 ungulis
569 2550 671 2624 annis
711 2545 865 2626 sedecim
893 2547 1025 2628 solidos
1050 2545 1141 2624 levis
1173 2558 1319 2624 monete

281 2662 427 2738 Minde
444 2662 624 2737 currentis
655 2685 747 2760 eque
779 2662 922 2739 divisim
946 2660 1082 2739 scilieet
1111 2660 1194 2737 osio
1219 2658 1319 2739 inira

282 2780 509 2878 quindenam
528 2781 608 2877 posi
622 2779 751 2859 fesium
762 2780 882 2880 pasche
902 2778 938 2856 lii
954 2772 1048 2855 osio'
1052 2778 1150 2857 infra
1166 2779 1319 2876 quinde-

281 2915 373 2981 nam
387 2894 467 2991 post
481 2892 612 2971 fesium
629 2896 728 2972 beati
744 2895 927 2979 Michaelis
942 2880 1151 2993 ffioximum
1174 2892 1239 2967 sub
1253 2912 1319 2989 pe·

280 3033 332 3090 na
354 3009 458 3111 dupli
476 3012 625 3088 nomine
643 3034 763 3089 annue
785 3012 963 3110 pensionis
988 3011 1128 3088 dabunt
1148 3009 1186 3085 u
1209 3009 1318 3086 mini·
1340 3042 1350 3061 ·

281 3127 453 3207 sirabunt
467 3129 637 3217 dedomo
653 3131 756 3208 eurio
772 3127 809 3205 ἃ
827 3152 913 3208 area
933 3128 1166 3225 memoratis,
1189 3124 1317 3224 quodfi

283 3248 400 3327 etiam
424 3246 635 3345 hujusmodi
665 3252 816 3326 domuin
849 3249 988 3327 curiam
1019 3248 1054 3324 ἀ
1079 3270 1204 3325 aream
1233 3268 1320 3322 eum

281 3368 356 3447 suis
374 3364 523 3463 edisieijs
547 3358 919 3445 &meliorationibus
953 3367 1115 3442 vendere
1144 3367 1319 3442 decreve-

279 3482 368 3560 rint
384 3479 458 3556 hoo
472 3478 610 3559 restori
626 3478 783 3580 predifili
803 3480 929 3583 altaris
951 3501 1021 3577 pro
1044 3494 1213 3576 ternpore
1239 3478 1318 3555 exi·

281 3595 391 3673 ilenti
416 3594 453 3670 si
469 3593 584 3674 nobis
608 3597 898 3696 prenuntiabunt
920 3595 955 3671 si
978 3617 1047 3694 pro
1073 3594 1166 3697 justo
1189 3596 1317 3696 precio

279 3726 441 3804 proquo
457 3706 530 3785 rite
547 3705 761 3817 &legitime
779 3700 891 3784 vendi
906 3706 1097 3803 potuerint
1116 3706 1214 3785 omisi
1230 3708 1316 3782 dolo

278 3820 317 3896 ἄ
340 3819 474 3903 fraude
505 3823 637 3900 exelus
628 3848 656 3899 s
679 3826 725 3898 ad
752 3822 946 3900 emendum
970 3822 1141 3918 primitus
1165 3820 1319 3900 exhibe·
1389 3872 1391 3876 -

279 3938 399 4033 bunt,
424 3938 550 4037 quodsi
567 3940 665 4018 idem
682 3941 808 4019 reiior
823 3955 888 4014 aut
909 3962 974 4015 nos
993 3942 1051 4015 vel
1070 3944 1232 4020 nostrum
1256 3938 1319 4020 seu

278 4053 393 4130 etiam
411 4046 666 4129 nostrorum
629 4054 855 4153 vicariorum
860 4032 1022 4150 aliquis
1016 4074 1136 4131 emere
1154 4055 1316 4133 noluerit

275 4166 340 4246 seu
357 4161 586 4293 noluerimus
608 4160 747 4265 super
734 4185 808 4293 quo
829 4164 1027 4243 terminum
1044 4168 1091 4243 ad
1111 4167 1316 4245 deliberau

646 4358 648 4365 .
764 4276 963 4425 934
1187 4283 1291 4360 uum
