3125 4934
209 473 382 595 'iu
651 458 937 523 mmm

192 706 197 717 .
250 706 253 717 ,
286 649 382 728 uiue
401 646 537 724 decime
547 642 774 747 integraliter
783 647 826 723 de
835 650 954 725 nostro
971 650 1200 750 beneplacito
1219 680 1319 754 quo.

284 764 329 841 ad
360 761 495 837 vixerit
512 757 576 835 srbi
592 760 794 852 retinendo,
817 759 917 855 cujus
933 763 1042 841 etiam
1064 768 1202 843 decime
1220 792 1314 865 pro·

284 882 478 982 prietatem
499 875 640 971 Prepos
644 891 700 949 tus
719 875 872 951 Ecclefie
891 882 1009 957 nostre
1028 882 1132 959 nobis
1150 888 1330 967 contulit·

283 994 398 1075 sicut
389 1018 425 1071 m
441 991 682 1071 instrumentis
702 987 810 1101 super
830 992 900 1067 hoc
916 994 1019 1071 nobis
1046 999 1136 1073 dotis
1163 1003 1312 1096 plenius

281 1104 1310 1205 contineturprefatusveroJooanoesdooationensuam

281 1228 469 1311 observati
489 1223 668 1299 &haberi
688 1225 874 1299 decrevit
866 1250 900 1300 m
920 1227 1015 1304 hunc
1032 1233 1180 1307 modum
1205 1238 1310 1331 quod

279 1342 450 1449 poss'ess'or
472 1342 609 1417 decime
626 1337 766 1435 prefate
786 1336 987 1415 solrat'tria
1003 1348 1136 1421 talenta
1154 1354 1305 1429 nomine

279 1467 456 1570 pensionis
483 1462 583 1536 annis
600 1458 744 1557 singulis
771 1460 960 1535 decadem
985 1463 1020 1537 in
1050 1468 1303 1548 anniversario

279 1581 450 1685 Raynoldi
472 1579 584 1674 patris
612 1575 782 1661 Jooannis
804 1579 957 1672 predicti
982 1579 1116 1659 scilicet
1137 1585 1214 1683 ipso
1241 1590 1305 1665 dic

277 1697 426 1783 Lociaoi
459 1692 624 1770 Martiris
667 1690 774 1765 detur
806 1711 917 1767 unum
945 1696 1120 1772 talentum
1144 1700 1178 1775 o
1203 1704 1319 1783 iuter.

172 1830 175 1839 “
277 1819 467 1924 presentes¹
481 1812 666 1889 dividatur
694 1810 730 1886 in
745 1808 843 1885 hunc
860 1814 1036 1909 modum5
1056 1820 1153 1911 quod
1178 1822 1297 1897 Cano-

277 1940 365 2020 nicis
390 1926 616 2031 presentibus
634 1925 822 2002 duodecim
840 1921 942 1999 solidi
962 1926 1177 2008 vicariissex
1193 1932 1299 2016 solidi

275 2061 321 2137 nd
337 2042 569 2131 candelam&
586 2040 821 2133 oblationem,
844 2036 996 2115 sedecim
1010 2046 1146 2143 dennij
1164 2052 1293 2127 came·

274 2168 380 2269 rarijs
396 2166 431 2241 tiz
448 2160 661 2240 custodibus
679 2157 761 2231 octo
778 2156 914 2252 denorij
924 2159 1131 2239 tribuantur
1147 2166 1182 2241 o
1200 2168 1291 2247 fimi.

274 2297 359 2373 liter
380 2288 417 2369 in
436 2272 698 2359 Annivcrl'atio
715 2273 877 2368 Alhepdis
893 2277 1015 2353 uxoris
1041 2277 1214 2373 [raynoldi
1228 2310 1293 2375 ott.¹

245 2421 247 2425 ·
275 2392 540 2484 commatris
555 2386 728 2480 Johannts
747 2383 944 2479 supradicti
962 2387 1131 2466 videncet
1147 2374 1288 2491 ipsodic

186 2562 188 2567 ·
272 2522 347 2602 fat·
335 2519 393 2595 zris
408 2509 613 2591 confefforis
633 2507 668 2581 δι
691 2502 985 2600 consequenter
967 2530 1010 2581 m
1025 2508 1286 2598 Anniversario

274 2634 443 2730 Jooaonis
457 2625 627 2728 sepedicti
643 2625 829 2722 postquam
840 2625 1025 2703 decessetit
1038 2642 1204 2729 tempore
1214 2636 1284 2741 suo

271 2756 414 2848 reliqua
436 2749 507 2822 duo
542 2743 674 2819 talenta
712 2739 916 2837 partialiter
955 2742 1218 2827 distribuantur
1252 2754 1286 2831 ἄ
1324 2726 1330 2741 ’

271 2868 450 2970 equaliter
463 2864 570 2938 modo
594 2872 809 2956 prenarroto
832 2878 987 2952 quorum
1010 2866 1224 2941 memoriam
1249 2868 1284 2945 in

268 2988 365 3063 libro
383 2983 429 3055 od
450 2979 520 3054 hoc
537 2981 707 3071 deputato
725 2974 892 3046 uolumus
921 2975 1107 3072 registrari
1128 2979 1161 3052 tiz
1187 2982 1291 3079 dubi·-

253 3100 314 3173 'tis
332 3090 456 3189 officijs
485 3107 661 3185 peragere
678 3082 780 3158 ficuti
795 3086 839 3157 de
857 3082 1032 3160 fratribus
1056 3090 1185 3164 nostris
1205 3092 1291 3169 fieri³

266 3207 439 3287 hactenus
464 3205 512 3279 est
529 3198 748 3277 consuetum.
819 3198 859 3272 Io
876 3199 976 3294 cujus
991 3199 1044 3275 rei
1062 3203 1283 3285 evidentium

266 3332 303 3405 tiz
336 3340 549 3422 perpetuam
582 3319 790 3395 firmitatem
825 3316 982 3416 sigillum
1008 3320 1170 3396 nostrum
1199 3346 1278 3418 pre·

265 3438 423 3517 sentibus
449 3432 615 3508 duximus
641 3431 908 3522 apponendum
970 3429 1015 3500 Et
1040 3429 1118 3526 Ego
1146 3430 1281 3517 Jooan-
1324 3494 1330 3511 Α

206 3586 208 3591 ’
263 3576 321 3630 nes
345 3546 461 3625 dictus
489 3547 533 3619 de
550 3539 710 3634 Honftrat
712 3564 727 3613 e
696 3541 893 3617 telericus
910 3536 1182 3637 prenominatus
1198 3567 1278 3640 pre·
1306 3575 1309 3583 ¹

264 3663 366 3759 mitio
392 3658 460 3737 effe
483 3641 701 3755 recognosco
719 3651 750 3727 tir
772 3630 813 3725 eu
828 3653 862 3724 in
879 3650 1024 3749 lingulis
1037 3656 1200 3730 articulis
1215 3657 1278 3733 ob-

263 3782 410 3860 servare
428 3772 602 3871 promitto
629 3766 826 3840 &intendo
850 3787 916 3839 nec
942 3766 977 3838 in
993 3766 1153 3862 aliquo
1143 3792 1188 3845 m
1181 3791 1280 3864 -per

262 3911 414 3994 potuum
451 3903 577 3964 contro
616 3905 658 3957 ea
694 3878 814 3967 facere
835 3881 921 3957 ¹,uei
951 3882 1078 3956 venire
1121 3881 1277 3983 figiliutu

207 4016 209 4021 '
261 4030 383 4087 meum
427 4028 497 4083 una
537 4023 619 4077 cum
644 3997 767 4099 srgillo.
790 3996 948 4090 Capituli
972 3999 1007 4072 in
1033 3997 1278 4077 testimonium

260 4117 484 4220 presentibus
518 4113 763 4211 apponendo,
809 4109 945 4189 Datum
982 4107 1180 4193 Dominica
1207 4132 1279 4209 quc

393 4270 395 4275 ·
1092 4240 1244 4307 mota:
1302 4278 1306 4293 .
