3125 4934
629 453 898 569 *W
1162 472 1228 547 tra

244 644 618 749 ipsam-speilantibus
631 626 715 744 ipso
733 632 948 723 donavimus
969 645 1005 723 dr
1024 647 1275 746 incorporavi·

244 797 323 853 mus
343 797 391 852 ac·
403 770 632 871 presentibus
650 772 825 847 donamus
844 769 877 844 dt
896 772 1172 866 incorporamus
1187 784 1273 869 per-

247 893 364 990 petuis
381 890 576 989 postquam
605 890 818 979 vacaverit,
853 888 1075 983 temporibus
1099 889 1275 986 possiden·

249 1014 327 1087 dam
344 1012 397 1087 ita
415 1008 587 1085 videlicet
613 1010 712 1105 quod
737 1008 814 1103 ipsa
843 1007 998 1085 Ecclesta
1025 1029 1093 1103 per
1114 1010 1276 1107 aliquem
1348 998 1352 1015 '

250 1127 421 1202 clericum
438 1122 635 1201 secularem
658 1122 829 1199 idoneum
843 1143 912 1219 per
926 1121 1111 1198 Abbatem
1135 1124 1275 1205 institu-

251 1252 324 1318 tum
340 1258 496 1342 regatur
504 1240 539 1317 in
551 1238 683 1316 divinis
703 1239 990 1338 quiCapellantis
1010 1241 1054 1320 ab
1066 1240 1276 1344 Archidya·
1402 1306 1405 1311 .

248 1380 335 1434 cono
354 1357 393 1433 in
411 1353 640 1451 Parembuseo
669 1357 824 1454 recipiet
854 1376 981 1433 curam
1008 1353 1213 1433 animarum
1238 1357 1275 1434 dr

248 1481 282 1555 io
298 1472 568 1571 parochialibus
593 1468 813 1548 ministrabit
831 1469 1060 1550 ecclefiallica
1074 1468 1275 1551 sacramen·

248 1608 283 1670 ta
304 1595 463 1677 eundem
480 1592 654 1669 clericum
672 1593 781 1668 etiarn
800 1589 928 1667 Abbas
941 1588 1005 1686 qui
1020 1610 1090 1685 pro
1106 1608 1275 1688 tempore¹

246 1712 548 1792 sueritamouere
563 1711 751 1809 poterit&
774 1712 886 1787 alium
903 1709 1090 1787 instituere
1106 1707 1140 1784 d
1166 1712 1275 1787 desti.

246 1849 353 1911 tuere
369 1833 536 1932 quotiens
553 1831 619 1908 fibi
635 1827 751 1907 visum
774 1827 887 1906 fuerit
903 1829 1100 1927 expedire,
1125 1826 1272 1925 insuper
1370 1896 1375 1909 .

244 1967 355 2045 omne
378 1950 433 2050 jus
454 1952 559 2028 nobis
586 1951 728 2035 rap'one
751 1947 967 2047 pontificalis
989 1943 1109 2041 officii
1136 1963 1208 2023 tam
1235 1948 1273 2027 io
1384 1979 1396 1998 ,

244 2036 402 2150 sufflidio
426 2067 614 2143 modenam
645 2066 810 2160 petendo·
838 2083 947 2159 quarn
973 2059 1011 2141 in
1030 2058 1109 2155 aliis
1138 2061 1273 2137 intuitu

244 2173 503 2255 diueecclefie
527 2177 690 2254 debitum
713 2174 860 2254 ecclebe
888 2174 1008 2250 nostre
1037 2168 1267 2249 reservamus

243 2290 326 2394 jure
346 2293 619 2391 Archidyaconi
633 2292 796 2370 stmiiiter
807 2294 845 2367 io
861 2291 1028 2367 omnibus
1044 2303 1269 2385 remanente,

244 2407 347 2487 lblvo
364 2414 556 2489 dumtaxat
570 2435 615 2489 eo
633 2435 814 2508 excepto,
841 2410 938 2507 quod
960 2407 1153 2505 synodalia
1170 2408 1273 2484 aCa·

244 2527 391 2623 pellano
415 2527 576 2603 instituto
591 2531 797 2607 ,decedente
815 2525 979 2624 recipere
1007 2545 1078 2599 non
1103 2522 1272 2620 debebit,

243 2637 468 2734 lnquorum
491 2635 713 2736 synodalium
742 2634 1011 2735 recompensam
1048 2636 1119 2711 due
1148 2657 1271 2715 marce

243 2742 454 2832 Bremenses
481 2756 517 2831 in
540 2753 629 2832 fello
654 2757 749 2830 beati
783 2751 960 2830 Michaelis
994 2753 1093 2828 annis
1122 2751 1269 2853 fingulis

244 2864 541 2970 Archidyacpno,
570 2870 710 2965 quipro
725 2856 892 2963 tempore
906 2865 1033 2960 suerit,
1058 2865 1187 2942 ande
1207 2868 1271 2944 da·

246 2985 387 3061 buntur
403 3007 471 3079 per
486 2985 670 3061 Abbatem
689 2985 723 3059 dt
739 2986 969 3062 Conventum
993 2986 1037 3059 de
1053 2982 1199 3059 ecclesa
1211 2978 1270 3057 su-

244 3101 422 3198 pradiiia.
476 3104 515 3180 ln
527 3104 659 3182 horum
673 3094 921 3180 testimonium'
933 3104 1048 3206 figilla
1062 3090 1179 3179 noilra
1197 3121 1269 3176 una

244 3237 327 3293 oum
359 3215 482 3315 figillis
511 3217 782 3316 Archidyaconi
815 3218 1012 3312 supradiiii
1041 3214 1268 3310 presentibus

243 3322 326 3401 sunt
353 3323 521 3423 appensa.
595 3329 642 3400 Et
669 3328 745 3403 Nos
774 3328 904 3403 Abbas
932 3326 968 3402 d
995 3329 1205 3404 Conventus
1229 3325 1267 3413 in

243 3444 363 3540 Lucio
381 3441 514 3537 prefati
529 3445 573 3520 de
596 3443 776 3538 beneficiis
801 3441 976 3539 premillls
992 3443 1096 3520 nobis
1111 3436 1268 3541 gratiose

243 3550 410 3648 impenfis
429 3555 593 3630 Dominis
608 3556 734 3631 nostris
752 3556 929 3652 Episcopo
945 3559 980 3631 dl
998 3555 1168 3652 Capitulo
1185 3577 1269 3652 pre·

243 3670 350 3746 didiis
371 3671 574 3772 gratiamm
600 3671 760 3749 aeliones
787 3677 920 3750 devote
943 3672 1142 3750 reserentes
1179 3695 1265 3780 pref

242 3807 392 3872 narrata
407 3813 496 3866 vera
511 3790 546 3866 dt
562 3789 610 3868 stc
625 3793 788 3881 ordinata
803 3791 1093 3893 recognoscimus
1111 3790 1146 3865 dt
1162 3814 1203 3867 ea
1231 3794 1269 3869 in

242 3904 392 4017 fingulis
414 3909 575 3983 articulis
596 3907 753 3987 fideliter
772 3911 966 4015 observare
989 3923 1167 4007 perpetuo
1181 3931 1274 4005 pro·-

242 4022 421 4102 mittimus
449 4023 605 4125 sigillum
627 4010 904 4103 ecclestenosire
934 4052 1004 4104 una
1032 4045 1112 4109 curn
1141 4014 1297 4122 sgillis'

242 4134 487 4212 Dominarum
510 4139 712 4215 nostrorum
727 4134 1012 4239 prescriptorum
1034 4139 1070 4214 in
1098 4137 1265 4234 recogni-

301 4252 387 4328 Tem.
413 4254 463 4332 X.
794 4253 831 4333 H
1079 4251 1217 4332 tionem
