3125 4934
629 472 898 541 &ww
1159 484 1232 571 ²⁶7

652 659 900 771 CXXXI.

258 866 428 985 ouon
484 863 789 953 mansurus
845 857 1281 951 rnsrnuoura.
1392 854 1395 861 ·

286 1058 290 1067 ,
404 990 611 1068 RIORUM
634 990 752 1066 ERIT
777 990 845 1066 DE
875 987 1137 1067 CAPITULO.

260 1146 319 1322 In
341 1147 490 1230 numine
520 1150 641 1230 sanese
655 1153 704 1230 'dc
724 1132 914 1229 individue
930 1149 1120 1226 Trinitatis
1143 1150 1279 1231 Amen.

317 1269 397 1348 Nos
415 1274 630 1348 Herennianus
643 1274 684 1347 de
708 1270 816 1347 Weud
831 1275 997 1350 Decanus
1016 1272 1201 1347 ranorum
1213 1276 1282 1352 Bo-
1353 1312 1383 1349 ·.

261 1383 415 1461 tmouwe
433 1388 727 1465 Archidiaconus
750 1387 787 1462 in
814 1389 888 1480 Lo,
914 1386 1103 1482 Rodosphus
1124 1388 1166 1460 de
1181 1384 1283 1479 Harii

260 1501 463 1600 prepositus
497 1501 608 1581 saneti
643 1502 835 1595 Johavmis,
863 1501 1025 1579 Arbernus
1063 1499 1283 1593 Wepgewiod

260 1614 529 1711 thesaurarius,
582 1617 804 1693 Theodericus
845 1618 1040 1695 Summeren
1077 1615 1283 1699 Reimertus

259 1738 439 1837 Pladdzffi
469 1739 774 1831 Archidrae'onus
806 1736 842 1812 in
874 1739 1001 1835 Rom,
1027 1737 1208 1815 Heinrims
1239 1742 1283 1817 de

260 1855 344 1931 son
357 1852 519 1932 Anemo
530 1857 572 1930 de
592 1851 757 1928 Wecirelen
768 1850 1069 1954 Archidyaconus
1085 1850 1122 1928 in
1139 1854 1283 1931 Parten-

249 1966 388 2067 Μαι,
415 1972 630 2046 Herenannus
661 1970 810 2058 Gogreoe
833 1967 992 2062 Cantor,
1024 1966 1215 2044 moeonas
1240 1972 1283 2045 de

262 2084 403 2182 stet'sen
431 2082 633 2183 Prepofitus
659 2081 772 2158 sandi
795 2082 949 2158 Martini
979 2083 1012 2158 de
1037 2086 1218 2161 Gberlaeus
1239 2090 1282 2162 de

259 2198 466 2274 ozdenborch
488 2197 663 2276 canonici
684 2209 875 2293 totumque
898 2194 1108 2290 Capitulum
1126 2200 1282 2280 Ecciefie

258 2315 460 2396 Mindensss
476 2313 652 2394 universis
670 2302 868 2417 &sagulis
887 2333 1043 2410 quorum
1058 2313 1203 2394 interest
1218 2323 1280 2398 vel

260 2455 349 2532 quos
370 2418 644 2528 'infrascriptum
670 2430 790 2530 tangit
819 2426 1007 2528 negotium
1037 2426 1099 2504 seu
1127 2445 1280 2534 tangere

256 2551 394 2650 poterit
408 2548 683 2647 quomodolibet
695 2544 924 2622 infuturum.
974 2545 1068 2623 Cum
1083 2543 1280 2631 secundom

257 2660 456 2739 Canonicas
473 2657 671 2737 sandiones
688 2660 725 2735 in
742 2656 867 2757 officiJ's
887 2659 1046 2734 caritatis
1061 2660 1181 2755 primo
1195 2665 1278 2742 loco

257 2779 327 2857 illis
351 2793 541 2855 teneamur
571 2779 742 2878 obnoxij,
766 2800 789 2855 a
814 2777 944 2875 quibus
970 2776 1184 2856 beneficium
1211 2807 1277 2862 nos

257 2895 496 2997 cognovimus
536 2893 730 2992 recepisse,
767 2917 788 2970 e
823 2909 948 2968 contra
979 2909 1097 2969 tamen
1130 2898 1278 2993 quidam

257 3033 336 3088 cum
353 3009 400 3084 ab
424 3008 578 3111 eceletijs
603 3007 674 3085 suis
704 3009 820 3085 multa
843 3007 1017 3084 beneficia
1033 3030 1279 3105 perceperunt

258 3126 352 3205 bona
377 3148 446 3223 per
472 3123 565 3223 ipsos
591 3125 727 3224 quesita
749 3127 787 3204 in
812 3127 901 3202 alios
927 3125 1125 3203 transferre
1151 3129 1276 3224 presu-

257 3259 388 3336 munt,
413 3239 494 3318 sane
512 3244 599 3320 licet
615 3243 753 3317 dudum
774 3266 797 3319 a
815 3240 1124 3342 predecessoribus
1147 3248 1275 3322 nostris

256 3374 297 3438 ut
310 3358 573 3435 nereisstatibus
595 3358 861 3436 Canonieorum
886 3359 1134 3434 decedentium
1158 3385 1201 3439 ae
1224 3362 1276 3440 sa-

255 3480 321 3559 luti
334 3477 539 3552 animarum
557 3498 683 3553 eorum
698 3478 820 3553 debite
831 3475 1046 3576 provisionis
1061 3477 1176 3552 studio
1190 3503 1275 3557 eon·

254 3589 455 3682 soles-etur,
483 3592 676 3672 salubriter
705 3595 818 3674 suerit
843 3597 1064 3689 institutum,
1090 3603 1186 3694 quod
1209 3602 1275 3699 ipss

255 3709 430 3788 Canoniei
464 3710 673 3786 decedentes
706 3734 775 3808 pro
811 3713 970 3811 ipsorum
1004 3712 1133 3791 debitis
1165 3716 1277 3797 exsol-

255 3823 405 3914 vendis,
432 3822 591 3918 exequijs
617 3821 811 3919 faciendis,
845 3824 1083 3902 servitoribus
1107 3849 1275 3911 remune-
1305 3921 1309 3931 Ι

254 3941 394 4033 randis,
410 3939 608 4017 elemofiois
625 3944 748 4018 dandis
763 3968 807 4022 ae
823 3943 901 4039 aliis
919 3967 988 4039 que
1003 3945 1050 4023 ad
1070 3947 1273 4028 animorum

251 4053 403 4136 salutem
426 4056 609 4151 pertinent
628 4057 746 4134 debite
771 4059 988 4156 exequendis
1013 4062 1090 4155 post
1111 4061 1273 4158 ipsorum

251 4172 392 4254 obitum
417 4194 487 4272 per
509 4173 599 4251 duos
616 4192 728 4250 annos
746 4169 893 4250 suorum
911 4173 1114 4272 percipiant
1130 4177 1273 4257 froeno

1115 4287 1232 4370 inenu-¹
1347 4321 1356 4336 *
