3125 4934
335 461 382 539 ¹4
659 440 928 508 mma

282 629 432 733 majoris
444 628 598 710 Ecclesia
611 627 853 734 ossurgenses
867 651 937 728 pro
953 632 1164 717 Soffosiione
1178 572 1310 720 domo

285 764 370 837 oum
399 745 434 820 di
457 746 517 819 vie
542 765 608 841 per
625 763 734 840 qnam
754 742 904 819 Domini
919 751 964 821 ad
987 748 1119 825 Eccles
1109 771 1181 829 am
1203 753 1307 832 veni·

283 875 325 932 re
342 852 378 928 du
393 853 455 934 sua
478 855 610 933 funera
624 854 768 935 deferre
787 851 1053 934 consueverunt
1064 882 1111 936 ex
1129 882 1201 941 uno
1220 886 1309 961 pur·

283 979 321 1038 te
337 963 485 1047 scilicet
494 966 761 1043 canonicorom
780 964 817 1038 da
835 986 883 1040 ex
906 966 976 1040 alia
1001 983 1105 1064 parte
1133 972 1335 1051 videlicet

181 1084 183 1088 ⁴
280 1081 520 1187 Burgensmm
539 1099 608 1178 pro
624 1077 835 1156 molendino
854 1077 890 1152 ἅ
912 1075 1155 1158 submersione
1177 1103 1305 1182 prato·

279 1223 364 1281 rum
377 1198 421 1272 *di
442 1197 600 1272 aliorum
622 1216 692 1291 que
713 1192 799 1268 hinc
833 1192 918 1268 inde
945 1193 1096 1271 suerunt
1116 1199 1304 1296 propossta

280 1311 403 1395 fuisset
418 1313 554 1413 agitatu
569 1312 715 1386 tandem
739 1307 896 1384 arbitrio
921 1306 992 1384 fuit
1018 1310 1244 1391 commissum
1265 1298 1312 1394 de

278 1452 350 1532 per
364 1431 509 1508 eosdem
523 1423 681 1510 arbitros
696 1421 839 1520 prefata
855 1421 1032 1501 discordia
1052 1426 1090 1502 in
1105 1426 1202 1511 hunc
1222 1453 1303 1506 mo.

281 1551 369 1623 dum
391 1544 441 1620 est
463 1538 578 1638 sopita
593 1562 616 1613 :1
638 1536 839 1640 Burgenses
860 1538 997 1614 nullam
1021 1539 1067 1618 de
1088 1543 1300 1619 molendino

279 1676 345 1740 aut
365 1659 410 1734 de
429 1653 673 1736 submersione
687 1664 879 1748 pratorum
900 1655 946 1726 de
960 1666 1082 1728 cetero
1095 1655 1301 1733 movebunt

277 1777 499 1880 questionem
514 1795 581 1849 nec
593 1771 742 1868 aliquod
760 1789 960 1871 gnavamen
982 1765 1140 1863 inferent
1158 1769 1238 1848 sive
1257 1773 1297 1852 in

173 1921 176 1935 ·
278 1893 447 1996 piscando
463 1889 593 1966 sivein
615 1883 788 1962 fodiendo
809 1881 904 1958 intus
923 1883 982 1959 vel
1002 1898 1108 1962 extra
1122 1883 1315 1983 piscinam
1337 1990 1339 1994 .

276 2013 336 2089 vel
356 2025 379 2085 a
397 2006 536 2084 civibus
556 2003 678 2100 aliquo
695 2000 804 2086 modo
821 1997 892 2074 fine
918 1996 1087 2077 consensu
1114 2003 1296 2082 Domino.
1327 2005 1330 2008 ’

273 2148 359 2207 rum
374 2116 730 2222 inferripermittent‚
752 2110 905 2189 Domini
920 2132 1010 2188 vero
1024 2128 1167 2193 tantum
1182 2107 1295 2217 equa.

273 2239 436 2325 bunede
460 2231 586 2313 fossato
611 2247 654 2308 ut
675 2229 865 2311 commode
887 2245 960 2305 tam
976 2228 1135 2333 Cargam
1160 2234 1308 2333 posiinn

275 2363 484 2457 construere
508 2361 678 2452 donum,
711 2374 781 2453 que
806 2348 972 2426 omnibus
990 2348 1062 2429 suis
1078 2352 1326 2453 respondeat*

274 2477 458 2566 Offioinb,
501 2468 699 2573 Burgenses
731 2468 816 2544 inde
839 2463 911 2541 suis
933 2466 1100 2564 impensis
1116 2475 1293 2568 provide·

238 2680 239 2683 i
273 2603 388 2689 bunt,
411 2607 452 2668 ut
465 2591 544 2667 talis
561 2586 714 2666 munitio
739 2587 777 2662 in
801 2585 928 2661 eodem
953 2585 1034 2661 loco
1058 2586 1143 2685 fiat,
1165 2590 1213 2667 ne
1226 2614 1293 2689 pe.

271 2719 431 2798 rieulnm
455 2709 584 2789 exinde
609 2704 714 2806 poffit
742 2706 940 2803 provenire
965 2707 1116 2787 civitati·
1188 2712 1294 2803 Didii
1336 2695 1339 2701 ¹

271 2833 382 2912 etiam
397 2825 546 2906 Domini
569 2847 635 2899 nee
651 2843 717 2920 per
747 2816 784 2895 se
806 2840 924 2917 neque
942 2820 982 2896 in
1005 2821 1117 2900 dudio
1136 2823 1290 2925 alicuius

267 2951 342 3028 five
357 2947 401 3024 de
417 2946 477 3020 via
491 2963 572 3017 cum
595 2940 702 3015 aliam
718 2937 874 3015 habeant
886 2937 1068 3036 adjutorio
1092 2945 1289 3049 Burgensi.

270 3087 334 3142 um
349 3062 424 3140 five
439 3062 484 3136 de
498 3057 663 3135 domibus
680 3052 827 3130 suffosso
843 3056 972 3131 debent
990 3061 1049 3134 vel
1072 3059 1291 3157 possuntha.

170 3277 177 3291 ,
268 3181 357 3258 bere
380 3176 581 3268 aiiionem,
605 3170 664 3248 sed
681 3171 834 3268 quilibet
850 3182 1040 3254 commodo
1056 3183 1205 3264 alterius
1222 3189 1286 3266 de·
1314 3192 1316 3195 ’

264 3305 329 3382 bet
348 3299 541 3377 intendere
560 3292 594 3366 ἃ
615 3290 759 3367 honori
779 3307 956 3372 utaotem
980 3299 1048 3378 hec
1072 3311 1287 3404 compofitio
1314 3327 1318 3355 ‘

265 3438 346 3502 rata
365 3400 399 3494 du
421 3411 628 3493 inconvulsa
643 3434 873 3512 permaneat,
903 3419 1060 3516 presenti
1084 3421 1218 3521 scripto
1240 3449 1288 3508 oe

158 3575 162 3587 ¹
263 3538 463 3643 figiliorum
481 3528 683 3608 Ecclesiedz
706 3533 939 3665 Burgeufium
960 3539 1176 3636 appensione
1196 3564 1284 3645 per.
1298 3602 1304 3611 .

262 3667 373 3753 petua
386 3647 576 3725 stabilitate
595 3645 912 3729 communivimus.
985 3651 1083 3729 Adia
1109 3648 1192 3730 sunt
1213 3655 1300 3735 hee·

261 3787 357 3842 auno
384 3761 573 3838 Dominiee
598 3760 856 3877 incarnationis
878 3760 1074 3847 Millesnno
1100 3767 1284 3849 Ducente-

241 3877 287 3956 ⁴s
290 3898 350 3955 mo
374 3875 509 3973 primo
