3125 4934
639 418 910 503 “W
1044 496 1088 517 ,,
1165 410 1241 535 x193

243 621 537 729 quibuscumque
556 618 719 724 personis
741 626 869 705 dandis
888 626 926 706 in
950 627 1074 727 aliquo
1099 630 1290 737 derogari,
1382 664 1385 669 ·

247 736 314 841 sed
331 728 453 835 ipsum
472 734 509 813 io
533 738 662 841 ceteris
681 732 752 814 suis
774 736 942 818 clausulis
970 740 1006 816 dr
1033 743 1197 820 articulis
1219 765 1290 843 per
1332 809 1335 814 .
1387 752 1390 757 '

250 848 327 929 hoc
350 850 478 947 pocius
497 849 707 949 approbare
728 848 910 927 ratificare
931 849 970 927 dt
994 852 1213 931 confirmare
1243 874 1289 937 ae

258 960 374 1043 insno
393 968 529 1044 robore
541 972 787 1066 permanere-³
802 967 1008 1064 loquorum
1025 970 1187 1047 omnium
1204 970 1286 1046 evi·

258 1076 345 1157 deos
362 1081 607 1158 testimonium
621 1077 777 1181 {igilium
802 1080 922 1156 nostre
944 1078 1092 1157 ecclesie
1114 1076 1289 1181 presenti·

267 1186 326 1273 bus
334 1193 386 1270 est
395 1190 604 1291 appensum.
624 1191 1091 1274 AdiomdzDatuminioco
1100 1195 1288 1294 Capitulu-

263 1304 296 1409 ¹ti
316 1306 438 1382 nostre
452 1302 599 1383 ecclefie
615 1306 727 1382 Anno
736 1304 887 1381 Domini
901 1306 1099 1385 Miliesrmo
1115 1307 1287 1385 tricente-

243 1520 246 1525 .
266 1414 349 1495 iimo
368 1408 627 1523 septuagesimo
646 1436 779 1519 quarto
793 1420 851 1497 die
864 1417 961 1519 jovis
976 1420 1104 1500 menits
1119 1417 1309 1522 ianuarii!

265 1526 431 1608 vicesnm
451 1529 561 1608 sexta.

257 1888 287 1995 J
430 1867 435 1876 ’
688 1880 842 1988 xCIX.
1048 1998 1054 2007 ,

256 2072 438 2170 sumn
469 2080 685 2170 orrum
711 2081 775 2169 m
795 2042 1082 2171 'nutuonn
1104 2082 1290 2175 smum

308 2203 423 2283 cum
444 2206 572 2284 nnus
595 2186 895 2283 annulinus
925 2206 1241 2283 annosorum·
1404 2226 1410 2245 =

380 2316 469 2395 BUS
494 2318 569 2396 AD
594 2317 805 2399 ALTARE
827 2317 979 2394 BEATI
1004 2317 1158 2395 PETRI.

254 2478 440 2679 Nerei
456 2482 553 2581 geste
569 2481 785 2556 memoriam
811 2481 918 2556 tollat
931 2477 1070 2557 obiioio
1087 2505 1152 2561 nos
1168 2481 1287 2561 Deca-

372 2618 437 2671 nus
454 2612 644 2691 totumque
668 2595 879 2691 Capitulum
910 2595 1063 2674 Ecciefie
1087 2597 1288 2676 Mindensts

244 2711 307 2813 ¹nd
328 2705 501 2811 preientis
536 2705 638 2780 etatis
673 2702 708 2779 dc
736 2701 871 2781 future
885 2706 1103 2803 posteritatis
1126 2707 1290 2806 presenti

256 2832 396 2933 pagina
415 2826 625 2903 deducimus
640 2825 827 2923 noticiam,
853 2829 950 2924 qnod
966 2842 1087 2903 ortum
1107 2852 1215 2923 quem
1234 2829 1290 2904 di·

254 2942 339 3022 dius
361 2941 485 3017 Grotbc
501 2939 619 3026 Johan
635 2938 725 3013 civis
743 2937 941 3014 Mindenfis
955 2941 1002 3013 ad
1019 2938 1164 3035 presens
1182 2941 1291 3037 poili-

256 3057 322 3132 det
343 3051 503 3130 suumin
525 3051 679 3125 brolone
696 3048 799 3144 juxta
815 3065 934 3126 ortum
956 3052 1002 3126 ad
1034 3052 1149 3129 altare
1184 3053 1291 3131 beate

256 3169 382 3251 Maria
397 3168 558 3269 Virginis
574 3160 837 3262 Affumptionis
850 3168 1091 3264 pertinentem
1110 3193 1192 3248 cnm
1211 3192 1292 3246 om·

255 3291 295 3369 ni
311 3278 395 3388 jure
418 3284 453 3358 ἁ
477 3283 712 3379 proprietatis
732 3281 839 3357 titulo
865 3305 930 3359 nec
951 3307 1023 3359 non
1044 3287 1206 3361 redditus
1224 3307 1290 3361 an-

254 3396 385 3473 nuales
404 3391 510 3468 unius
533 3390 679 3464 dimidie
697 3389 873 3465 marceio
891 3391 999 3464 domo
1020 3391 1292 3471 Gherardididii

258 3502 417 3593 Redirgo
432 3497 579 3575 sartoris
595 3497 684 3572 civis
708 3496 905 3573 Mindenfis
923 3519 991 3593 pro
1028 3517 1123 3574 outre
1150 3499 1292 3579 inhabi-

256 3615 459 3697 tantisante
475 3612 621 3686 valvam
639 3608 698 3683 We
714 3631 767 3681 ere
785 3605 910 3682 situata
925 3627 993 3701 pro
1010 3626 1108 3682 certa
1125 3606 1292 3703 pecunia·

257 3752 342 3813 rum
361 3725 561 3825 quantitate
576 3724 851 3798 Venerabiiinm
870 3723 1035 3797 virorum
1045 3720 1293 3802 Dominorutn

260 3834 435 3932 Joicinnis
456 3846 498 3917 de
521 3841 780 3938 Hammoni&
810 3838 957 3916 suorum
973 3835 1129 3913 fratrum
1152 3839 1293 3917 nostro·

259 3981 345 4038 rum
362 3960 686 4035 concanonicorum
707 3978 864 4050 necnon
881 3956 1027 4030 [iomini
1049 3951 1235 4027 Hermann?
1250 3956 1294 4031 dt
1388 3979 1392 3987 ·

253 4073 497 4173 Zelnichtorpe
512 4076 623 4154 nostri
638 4074 765 4172 vicari]
792 4093 859 4169 per
876 4092 941 4150 nos
963 4085 1104 4169 emptos
1126 4064 1161 4138 dr
1190 4088 1291 4148 com„

291 4185 407 4267 'rao
427 4191 484 4272 Χ.
775 4187 814 4266 N
1099 4194 1245 4282 paratos
1332 4202 1346 4229 ⁴
