3125 4934
314 430 386 521 275
638 428 913 493 ma

264 621 390 701 sientia
405 620 442 703 io
463 613 670 713 hujusmodi
691 618 795 697 bonis
818 620 1077 717 recuperandis
1096 620 1284 707 &conseo

266 743 393 819 vendis
411 741 527 817 eidem
546 736 691 814 eoeleste
705 740 994 837 provideretur,
1018 742 1117 821 dieta
1135 746 1284 825 Eeeiesra
1323 756 1326 817 ἱ

263 866 430 939 tenderet
443 856 603 931 totaliter
623 856 669 931 ad
687 856 845 949 ruinam,
861 855 896 931 dr
912 880 935 933 a
952 858 1130 961 gravibus
1149 858 1292 941 debito'
1323 876 1326 881 '

262 1002 345 1059 rum
357 975 526 1053 oneribus
537 966 929 1069 quibusoppreffaerat
946 972 1118 1075 incendijs
1130 980 1282 1055 eraeiio·

262 1095 369 1173 nibus
386 1085 569 1183 drinjurijs
580 1086 751 1182 preditus
762 1086 913 1163 liberari
932 1110 1003 1163 non
1018 1088 1133 1185 posset
1147 1110 1283 1167 matura

262 1198 561 1303 desuperinterse
574 1199 833 1277 deliberatione
845 1199 1038 1297 prehabita
1056 1208 1285 1304 omniumque

261 1329 310 1403 ad
335 1326 371 1400 id
387 1323 578 1401 accedente
594 1316 762 1395 consensu
785 1344 851 1395 nee
871 1341 943 1395 non
960 1323 1151 1399 voluntate
1171 1322 1285 1400 dtretd

261 1444 327 1543 iili]
347 1443 491 1521 Alberti
522 1440 636 1517 areeri
663 1440 860 1517 Mindenfis
883 1458 1064 1537 perpetuo
1091 1445 1286 1523 deruerunt

264 1558 301 1633 dt
324 1561 539 1647 ordinarunt
557 1556 739 1652 corporali
757 1578 824 1652 per
846 1578 906 1631 eos
924 1559 970 1631 de
985 1556 1218 1639 observando
1232 1585 1285 1641 eo·

265 1676 348 1754 dem
371 1678 519 1773 prestito
542 1674 745 1771 juramento
771 1672 941 1747 videlieet
964 1677 1061 1769 qtrod
1081 1698 1239 1767 extunc
1254 1681 1285 1757 ir

264 1812 371 1873 antea
392 1791 454 1889 ipsi
484 1792 518 1865 de
537 1813 664 1867 eorum
690 1786 903 1865 successores
918 1790 1057 1865 nullum
1081 1792 1120 1865 in
1138 1796 1286 1870 Canoni-

265 1933 350 1987 enm
369 1911 413 1984 ad
429 1908 649 2004 prebendam
669 1903 704 1979 de
720 1903 932 2005 dignitatem
951 1900 1189 1998 personarum
1215 1906 1284 1985 offi-

265 2031 361 2109 rium
381 2030 441 2105 vel
459 2028 670 2105 beneficium
692 2026 789 2122 qood
806 2025 1011 2121 errantique
1028 2024 1283 2107 consuetudine

267 2165 336 2241 per
363 2140 583 2217 Canonicum
613 2139 707 2214 didie
726 2142 879 2217 Ecclesse
904 2142 1062 2217 obtineri
1088 2140 1287 2235 consueuit,

265 2256 429 2349 recipere
448 2267 639 2328 teneantur
652 2254 716 2329 nisu
735 2255 770 2330 in
783 2257 899 2331 altero
916 2254 1051 2351 jurium
1069 2254 1218 2333 norror
1232 2254 1287 2333 seu

265 2372 304 2449 in
323 2372 540 2469 Theologya
558 2369 734 2471 Magister
750 2366 814 2447 aut
838 2375 882 2447 de
906 2372 1020 2449 nobili
1042 2375 1100 2446 vei
1123 2394 1169 2448 ex
1191 2388 1289 2451 utro·

264 2513 334 2587 que
361 2503 512 2584 parente
536 2488 580 2562 de
607 2489 755 2565 militari
781 2512 915 2590 genere
939 2489 1157 2591 &legitimo
1182 2484 1287 2567 thoro
1328 2496 1330 2537 ³

268 2620 480 2698 procreatus
499 2601 597 2678 foret
611 2603 645 2679 u
661 2608 758 2701 quod
776 2607 855 2681 talis
873 2604 958 2682 esser
973 2628 1056 2682 eum
1075 2606 1204 2702 quinta
1219 2629 1288 2683 ma·

264 2747 313 2800 nu
338 2722 573 2798 consimilium
596 2726 810 2802 militarium
839 2718 1041 2801 ostenderet
1063 2724 1098 2799 de
1120 2747 1287 2820 compro·

266 2835 372 2913 baret
388 2836 575 2913 Canonieis
594 2838 689 2913 diere
707 2837 860 2914 Ecciefie
881 2856 965 2914 tune
982 2839 1219 2933 emancipatis
1229 2862 1287 2915 ex·

192 2982 194 2989 ·
268 2955 403 3051 ceptis,
432 2955 599 3049 qtrodque
619 2957 739 3030 nuilus
754 2957 800 3029 ad
818 2955 1069 3051 percipiendos
1092 2958 1152 3028 vei
1170 2956 1288 3030 levan-

268 3070 332 3144 dos
371 3068 510 3145 fruetus
536 3069 697 3146 redditus
731 3069 766 3144 dr
792 3087 993 3166 proventus
1016 3052 1286 3164 prebendarum

266 3186 484 3286 dignitatum
514 3182 769 3279 personatuum
802 3184 1004 3261 officiorum
1034 3185 1067 3258 d
1094 3183 1286 3260 benedicio·

264 3326 346 3380 rum
367 3301 614 3396 predidiornm
633 3303 889 3377 admitteretur
902 3300 965 3377 nisi
984 3301 1189 3377 Canonicus
1207 3320 1285 3395 pre·

265 3419 440 3495 bendarus
464 3416 499 3492 de
531 3416 775 3512 emancipams
800 3413 993 3492 seeundum
1016 3412 1112 3490 diere
1136 3410 1285 3490 Ecclesre

263 3536 555 3617 consuetudinem
573 3534 720 3610 soretde
741 3535 939 3630 recipiendi
958 3538 1000 3608 de
1017 3551 1141 3609 cetero
1159 3538 1205 3608 ad
1220 3535 1286 3607 Ca·

262 3659 420 3756 pituium
443 3653 634 3747 corporale
653 3649 762 3748 super
786 3651 889 3727 ditiis
911 3652 1040 3726 darneto
1059 3651 1285 3726 ordinatione

261 3773 565 3854 &constitutione
595 3770 773 3867 prestaret
800 3768 1068 3863 juramentum,
1105 3767 1285 3843 conmadi·

263 3893 382 3968 diores
404 3913 548 3988 quoque
567 3893 602 3966 in
618 3893 689 3965 hoe
708 3887 754 3963 ab
780 3888 830 3961 eis
848 3884 1149 3986 segregarentur,
1176 3886 1286 3981 quod·

264 4036 336 4110 que
360 4012 529 4086 statutum
558 4007 820 4084 ordinationem
851 4000 884 4073 dr
907 4000 1198 4075 constitutionem
1220 4000 1285 4072 hu·

263 4127 420 4229 jusmodi
445 4125 606 4226 prefatus
622 4122 767 4200 Eiedius
783 4115 1002 4195 auuoritate
1018 4115 1204 4193 ordinaria
1225 4136 1288 4214 ap-

1147 4248 1236 4326 pro·
