3125 4934
408 466 478 551 358
734 467 1000 534 ΜΛ

360 650 443 727 diiii
472 650 729 748 militantibus,
763 659 892 752 quibus
928 664 1144 740 venerabilii
1175 660 1363 749 Folomorut
1402 734 1404 749 t

359 763 470 835 abbas
487 764 632 861 piaeeiie
652 768 819 860 uidetur,
842 774 875 845 in
898 777 992 848 ualle
1015 774 1207 878 alsmtianfi
1230 785 1265 855 iu
1286 785 1363 856 uilia

260 914 266 926 ·
360 870 508 967 Moriscb
541 877 576 949 iu
608 881 780 954 comitatu
806 885 1059 984 Ardueuueufi,
1091 888 1278 984 Regimini
1308 890 1365 965 iiiii

357 988 638 1066 nottrilieinrici
663 999 802 1072 comitia
826 998 1040 1097 subjacenti,
1064 1024 1174 1077 ouum
1203 1006 1364 1091 uidelicet

357 1103 517 1184 mattsum
537 1112 757 1205 montona
783 1111 817 1187 du
835 1112 908 1212 ejus
933 1112 1094 1214 conjugis
1115 1118 1272 1212 Rozelae,
1295 1118 1366 1193 iuc-

355 1232 604 1324 ceii'orumque
622 1231 790 1331 suorum,
812 1235 917 1310 altari
936 1234 968 1312 S.
993 1236 1165 1313 dementis
1184 1241 1223 1314 in
1243 1246 1366 1317 eodem
1400 1256 1404 1337 i

358 1346 573 1425 anouasterio
588 1343 725 1440 posito,
751 1348 814 1423 ubi
830 1368 985 1447 corpora
1000 1353 1119 1428 nostra
1135 1355 1230 1429 diem
1249 1372 1365 1433 extre·
1402 1342 1404 1423 j

356 1464 407 1539 mi
421 1462 542 1562 judicii
560 1459 817 1553 exineciabunt
831 1466 897 1536 deo
909 1465 1089 1561 pronicio3
1114 1468 1162 1541 ita
1179 1471 1364 1565 duntaxat,
1401 1490 1404 1513 ¹

355 1598 398 1655 at
419 1581 512 1652 idem
523 1573 740 1660 :Nioeiougus
758 1576 815 1646 vei
838 1572 1048 1649 tucceiiores
1072 1583 1167 1671 ejus,
1195 1583 1295 1658 omni
1311 1608 1365 1660 an·
1402 1574 1404 1663 ξ

353 1719 401 1772 no
418 1693 464 1768 V.
481 1689 581 1766 solid.
607 1687 768 1782 probate
783 1708 936 1763 moneta
954 1695 1162 1784 perioloant
1179 1718 1222 1768 ex
1240 1702 1365 1778 eodem
1400 1678 1404 1711 ⁴

351 1800 474 1884 mattso
505 1801 551 1875 ab
589 1799 685 1873 omni
712 1800 876 1892 deinceps
902 1801 1048 1908 i'etuitio
1080 1802 1206 1879 libcro'
1229 1805 1363 1904 seruili,
1400 1816 1404 1863 ἶ

244 1982 246 1987 .
354 1941 529 2018 quatenus
547 1918 797 1994 benedidioue
820 1916 1011 1992 &licentia
1034 1924 1232 1998 venerandi
1257 1924 1363 2025 abba·
1400 1870 1404 1995 i

352 2041 426 2131 tis,
451 2041 610 2116 iicerdos
636 2041 770 2114 ibidem
799 2040 869 2113 ¹deo
895 2038 1098 2114 Ptatmouiae
1122 2041 1155 2113 d
1177 2044 1366 2123 miiiarum

353 2153 600 2264 celebraturus
614 2148 797 2242 sacrificia,
817 2152 872 2225 bis
886 2154 997 2227 xeniis
1015 2153 1157 2249 adjutus
1174 2179 1363 2258 pro-emp.

353 2268 451 2343 tione
472 2269 672 2343 animarum
697 2267 897 2342 nostrarum
919 2286 1046 2344 exoret
1062 2269 1253 2363 libentius,
1280 2277 1363 2351 reti.

353 2403 441 2475 quas
460 2407 548 2460 vero
568 2382 695 2459 uostrae
715 2381 936 2479 poisessioues
957 2385 1132 2460 incudem
1151 2354 1240 2461 viiia
1254 2388 1364 2465 conii·

351 2494 500 2593 stentes,
527 2500 562 2575 iu
578 2521 804 2611 communem
826 2500 1096 2575 Coeuobitarum
1114 2498 1241 2596 usum7
1266 2507 1360 2600 quic·

356 2620 442 2713 quid
460 2622 629 2694 uidelicet
650 2619 707 2693 vel
730 2619 939 2691 concambio
971 2617 1030 2689 vel
1053 2614 1221 2693 thesauro
1244 2625 1361 2694 notro

354 2738 602 2833 acquifiuimus
624 2755 694 2812 tom
723 2737 759 2811 in
784 2736 969 2836 mancipiis
992 2759 1098 2832 quam
1129 2738 1167 2810 iu
1192 2737 1360 2828 adificiis,

348 2857 581 2940 molendinis,
609 2853 740 2954 sylvis,
778 2855 891 2947 protis
922 2851 989 2928 dcc.
1025 2856 1116 2930 Cum
1140 2846 1240 2929 otuni
1274 2855 1357 2931 inte·

349 2971 644 3073 gritate'setuitio
659 2969 692 3042 dc
708 2967 833 3052 censu,
852 2967 938 3041 ficut
951 2990 1028 3041 eam
1045 2968 1217 3042 hactenus
1236 2970 1359 3044 habui-

349 3113 453 3180 mut,
479 3105 629 3184 excepto
650 3086 845 3160 Ronacbooe
870 3083 1070 3183 &conjuge
1086 3085 1119 3158 dc
1136 3084 1219 3160 filiis
1239 3087 1359 3183 ejusde

349 3207 559 3303 haercditutc
580 3220 717 3276 eorum.
747 3220 787 3270 ea
806 3195 937 3270 scilicet
960 3199 1124 3292 tutione,
1149 3216 1191 3270 ut
1214 3221 1283 3300 ego
1293 3201 1358 3294 ‚dc

348 3316 482 3418 conjux
517 3341 595 3392 meo
629 3312 817 3402 nnumin,
853 3316 1035 3406 tuquead
1057 3315 1255 3390 terminum
1280 3319 1370 3392 uitae-

348 3436 478 3511 uoi'trae
502 3432 594 3505 idem
621 3425 796 3521 puaedium
821 3424 856 3496 in
879 3419 979 3496 usum
1004 3424 1162 3498 nostrum
1188 3427 1357 3521 postidea·

348 3566 451 3638 mus3
474 3545 551 3639 pou
577 3539 716 3612 obitum
741 3558 832 3610 veno
857 3539 1013 3611 nostrum
1037 3538 1072 3611 in
1098 3534 1200 3611 usum
1233 3542 1359 3636 praedi·

347 3664 491 3738 diorum
516 3655 776 3733 coenobitarum
798 3653 930 3748 absque
951 3655 1060 3728 ullius
1079 3656 1359 3733 contradidiione

347 3779 538 3878 pertineat.
565 3773 654 3847 iilud
677 3769 758 3844 sane
775 3773 989 3846 omnimodis
1011 3773 1046 3848 in
1066 3774 1123 3847 dci
1140 3758 1288 3854 nomine
1305 3799 1359 3854 ro·
1397 3804 1400 3817 ·

345 3907 492 3993 gentes,
517 3902 559 3960 ut
589 3886 625 3960 iu
646 3882 893 3959 anniuersario
921 3885 1038 3961 obitus
1065 3886 1135 3961 mei
1159 3910 1207 3961 ex
1236 3895 1359 3967 eodem
1395 3826 1402 3945 Ι

349 4000 487 4101 praedio
503 3999 709 4073 recordatio
726 3993 916 4089 puaedidiis'
933 3997 1122 4071 eoenobitis
1148 4000 1359 4079 exhibeatur
1396 3970 1403 4069 i

349 4113 389 4190 iu
412 4111 625 4218 memorium
641 4109 775 4204 uostti3
800 4109 851 4182 ito
869 4112 963 4186 euim
978 4128 1151 4211 rogamus
1174 4129 1287 4217 atque
1304 4119 1362 4197 ob·
1399 4102 1404 4119 '

1155 4311 1159 4317 .
1200 4227 1321 4315 secru-
