3125 4934
330 464 402 539 206
661 462 935 529 m·

283 656 433 739 sedibus
451 677 475 731 a
492 652 674 733 diciorum
697 652 895 758 conjugum
918 654 1044 735 liberis
1067 652 1303 757 imposterum

281 772 578 879 ¹descendentibus
596 772 777 869 quandam
793 794 913 849 aream
929 774 972 847 ad
997 770 1129 849 dicium
1147 778 1303 853 uolitant
1341 812 1344 883 ss

283 890 563 969 consolationem
578 878 818 985 pertineniem
836 910 943 985 quam
961 886 1135 973 Jobaunes
1149 892 1190 964 de
1205 892 1304 967 Alter

285 1004 322 1079 tlt
341 997 551 1091 Hillegardis
565 994 668 1073 soror
683 996 780 1071 suaa
795 994 897 1071 nobis
911 996 1084 1073 bacienus
1109 996 1146 1071 in
1162 996 1304 1079 usufm.

287 1116 350 1193 clu
368 1128 566 1190 tenuerunt
579 1110 680 1191 snam
696 1111 901 1189 incivitate
915 1108 1304 1213 Mindenfiprope'pn.

160 1248 164 1261 '
287 1254 382 1315 team
400 1232 513 1309 sancii
530 1232 701 1321 Jobanuis
715 1250 785 1328 pro
801 1254 919 1309 annuo
941 1230 1109 1330 pensione
1131 1238 1304 1335 tredecim

285 1350 485 1433 solidorum
512 1348 682 1447 gravium
707 1345 940 1423 denariorum
967 1348 1095 1423 lillinde
1133 1348 1305 1441 legalium

284 1462 391 1543 nobis
407 1460 443 1537 e
457 1460 584 1535 nostris
602 1460 638 1533 in
661 1458 757 1533 dicia
780 1458 1027 1535 consolacione
1049 1454 1305 1545 succesoribus

284 1575 324 1654 in
342 1572 438 1651 festis
456 1568 573 1669 pasche
592 1570 625 1645 o
644 1568 821 1645 Michaelis
841 1590 930 1667 eque
947 1568 1086 1647 diuisnn
1103 1571 1307 1651 minillran·

286 1690 334 1765 ria
367 1704 450 1759 cum
477 1679 743 1767 omnibussuis
766 1677 908 1775 juribus
942 1679 1201 1777 emphiteotico
1227 1682 1306 1781 jure

289 1816 471 1901 perpetuo
487 1796 758 1895 possidendam,
783 1796 809 1873 fi
825 1818 915 1874 vero
936 1796 1068 1875 diuam
1083 1820 1206 1877 aream
1219 1820 1307 1881 cum

286 1906 359 1991 suis
375 1912 524 2011 edificiis
543 1912 578 1987 u
595 1908 848 2002 melioratione
867 1910 1025 1986 vendere
1038 1913 1226 1989 voluerint
1241 1915 1307 1993 boc

288 2029 394 2109 nobis
411 2030 470 2105 vel
488 2024 880 2105 luceefforibusnostris
897 2023 1059 2126 legitime
1074 2026 1308 2125 intimabunt,
1326 2096 1329 2101 .

288 2151 365 2231 tirsi
383 2176 506 2235 emere
530 2146 754 2229 voluerimus
781 2146 875 2223 infra
897 2146 1092 2225 terminum
1112 2150 1232 2251 ajurc
1257 2153 1309 2229 ia·
1333 2242 1335 2247 ¹

246 2320 264 2349 ,ι
292 2268 434 2349 dultum
450 2294 497 2348 ex
515 2288 602 2347 tunc
621 2263 801 2343 uendendi
817 2263 961 2361 plenam
977 2264 1136 2344 habeant
1155 2268 1310 2347 faculta-¹

290 2402 366 2463 tem
387 2385 557 2484 pensione
578 2378 744 2480 premissa
762 2377 867 2457 nobis
886 2381 943 2454 vel
960 2382 1088 2459 nostris
1104 2381 1310 2465 successori·

289 2500 357 2581 bus
379 2502 442 2599 qui
458 2520 527 2597 pro
545 2512 710 2591 tempore
724 2492 862 2570 fuerint
877 2490 1020 2589 semper
1032 2483 1142 2572 salv'o.
1191 2498 1236 2575 ln
1249 2520 1311 2577 cu-

289 2612 346 2716 jus
367 2613 423 2691 rei
448 2604 692 2687 testimonium
720 2602 876 2706 sigillum
900 2604 1059 2683 nostrum
1084 2608 1310 2703 presentibus·

293 2726 462 2807 duximus
483 2724 751 2821 apponendum.
799 2720 846 2794 Et
873 2742 937 2796 nos
963 2719 1165 2819 Preposrtus
1193 2726 1313 2807 Deca-

292 2870 360 2926 nus
393 2860 584 2939 totumque
619 2837 830 2936 Capitulum
864 2836 1018 2915 Ecclesse
1042 2838 1242 2922 Mindensu
1261 2830 1312 2925 'in

293 2961 434 3065 fignum
457 2956 567 3033 noliri
581 2951 767 3031 cousensus
788 2951 979 3047 &plenius
995 2953 1112 3031 robur
1125 2957 1313 3053 premisso·

294 3100 378 3158 rum
402 3076 519 3177 figillo
542 3074 664 3149 nostro
686 3068 942 3147 roboravimus
967 3068 1111 3165 presens
1139 3071 1314 3174 scriptum·

295 3188 362 3269 sub
381 3210 476 3267 anno
490 3186 563 3265 Drii
577 3180 773 3263 lllliliesrmo
790 3180 1037 3258 trecentefimo
1052 3180 1313 3289 septuagefinm

294 3313 396 3393 sexto
418 3309 454 3384 in
472 3308 599 3410 uigilia
622 3306 840 3402 palmarum.
893 3303 930 3377 ln
950 3300 1050 3397 cujus
1075 3303 1130 3378 rei
1153 3308 1313 3388 teslim'o·

293 3427 395 3505 trium
412 3425 567 3528 sgillum
585 3416 923 3511 uostriofficialatus
945 3418 990 3490 ad
1009 3434 1177 3519 rogatum
1200 3422 1315 3525 Grpe.

294 3544 465 3619 ticionem
489 3540 597 3638 ipsus
623 3533 795 3610 Gberarcli
814 3530 1039 3629 presentibus
1058 3532 1228 3615 duximus
1250 3560 1316 3640 ap.

292 3656 514 3753 ponendum.
566 3653 702 3727 Datum
718 3666 812 3721 anno
832 3630 903 3718 llsri
920 3641 1115 3719 Millesmo
1136 3662 1315 3729 trecente·

293 3769 381 3844 simo
415 3766 675 3869 septuagesimo
719 3759 849 3869 sexto,
895 3758 938 3832 lu
976 3756 1103 3859 vigilia
1146 3758 1317 3846 Jobaunir

293 3884 453 3990 nantilla
502 3900 590 3983 (2³.
616 3885 722 3973 luo)
