3125 4934
306 460 381 549 ⁸4⁶
628 456 899 520 mm

260 640 449 743 penfinnes
477 638 540 723 seu
568 644 730 723 redditus
769 644 881 723 annui
916 642 1072 723 locando
1097 642 1282 721 vendendo

262 758 506 859 permutando
525 754 722 855 obligando
738 750 798 831 seu
821 750 933 829 alicui
955 755 992 833 in
1014 755 1207 853 pheodum
1228 769 1283 831 aut

263 880 352 957 alias
368 873 642 978 quomodolibet
664 874 897 951 concedendo
916 870 976 953 vel
997 872 1211 979 assignando
1228 872 1282 951 seu

152 1058 164 1075 .
264 998 352 1077 alias
372 994 672 1093 qualitercunque
695 989 769 1068 stne
787 992 978 1073 cellarario
999 1008 1066 1069 aut
1080 986 1282 1087 deputando

263 1111 312 1197 ad
335 1111 405 1186 hoc
427 1128 495 1205 per
524 1108 661 1184 dietum
687 1108 909 1203 Capitulum.
958 1107 1059 1183 ldens
1085 1104 1282 1205 trepondo

263 1248 339 1307 non
360 1223 523 1322 disponet
544 1240 712 1318 preterea
736 1224 780 1299 do
799 1220 975 1317 premissts
1001 1220 1108 1299 bonis
1123 1220 1282 1325 sebusii

265 1337 408 1441 juribus
440 1336 607 1413 omnibu<
631 1333 665 1409 st
687 1335 834 1437 singulis
854 1338 901 1413 ad
921 1332 1039 1434 ipsum
1065 1334 1283 1433 Preposrtum

266 1473 309 1539 ut
329 1456 555 1557 premittitur
580 1456 869 1551 pertinentibus,
901 1452 1066 1552 prefatus
1087 1454 1283 1553 Prcpofitur

228 1604 230 1609 ·
264 1570 479 1674 providebit
496 1580 597 1646 amns
614 1568 760 1669 fingulis
777 1591 881 1647 more
901 1567 1007 1645 solito
1026 1570 1073 1647 de
1088 1592 1198 1650 cereo
1214 1572 1284 1669 jux·

264 1702 303 1765 ta
322 1684 552 1783 sepulchrum
571 1684 720 1761 Domini
742 1684 776 1759 dr
799 1706 905 1761 cereo
922 1680 1031 1781 super
1046 1686 1164 1761 altam
1180 1682 1286 1763 santii

267 1796 439 1891 Julianus
455 1798 679 1891 Emungtlt‘fte
700 1799 736 1875 iu
759 1798 854 1875 disin
871 1798 1025 1875 Ecclesia
1052 1800 1141 1875 dum
1170 1816 1284 1877 canu·

265 1936 329 1999 tur
342 1945 360 1993 o
370 1917 557 2021 supientia,
572 1920 796 2014 ponendum,
817 1940 884 1993 nec
897 1940 970 1993 nou
987 1918 1202 1995 condecenti
1218 1919 1284 2003 ser·

265 2038 359 2114 vitio
376 2030 535 2113 mandati
550 2036 586 2111 in
604 2057 692 2111 cetra
714 2036 862 2111 Domini
878 2032 1083 2111 celebrandi
1104 2030 1283 2122 seilicetiu

265 2156 392 2239 Assma
415 2153 503 2231 vino
523 2152 669 2231 servilia
695 2154 825 2251 &alijs
850 2152 1068 2229 sufficienter
1093 2151 1286 2233 dehoneste

266 2273 508 2357 ministrandis
528 2295 572 2348 ac
594 2250 639 2347 rie
656 2270 762 2371 lignis
786 2272 832 2347 ad
848 2273 965 2365 pirule
982 2270 1053 2345 fine
1071 2272 1284 2351 carbonibus

267 2393 315 2469 ad
329 2388 512 2468 cuminum
531 2376 945 2491 consuetist'eqnporibus
959 2384 1285 2486 igniendumaceos

266 2505 303 2579 dr
321 2525 363 2579 ea
380 2500 517 2598 absque
530 2499 606 2577 ullo
620 2497 764 2577 dafebiu
781 2498 931 2577 realiter
950 2496 1182 2577 nitdmabit.
1233 2500 1285 2577 In.

267 2616 376 2714 super
393 2614 501 2691 etiarn
522 2614 619 2690 idem
635 2612 836 2709 Propositus
858 2614 965 2690 certis
982 2611 1221 2711 infrascriptis
1236 2613 1284 2690 of-

266 2736 394 2821 ficiatis
416 2733 452 2809 in
476 2730 570 2808 dida
587 2731 741 2809 Ecciefia
759 2734 930 2811 uidelicet
943 2732 1116 2810 Pinctrne
1135 2718 1283 2833 Maioris

267 2861 430 2959 quinque
449 2851 544 2934 uocis
558 2842 642 2931 llll
659 2853 692 2930 lit
710 2873 868 2950 quatuor
885 2854 1086 2933 minoribus
1104 2852 1286 2933 braxatori
1329 2950 1331 2961 Ι

267 2978 437 3056 ortulano
456 2969 627 3050 &latrici
642 2971 854 3069 providebit
878 2970 912 3047 tir
933 2972 1138 3070 prebendas
1163 2976 1215 3049 eis
1231 2977 1287 3049 de·

265 3090 358 3173 bitas
377 3090 411 3164 dr
427 3087 545 3164 solitas
561 3098 673 3181 prout
687 3087 732 3163 ad
749 3102 832 3161 eum
849 3085 921 3159 huc
935 3107 1049 3182 usque
1066 3086 1288 3182 pertinuit&

267 3211 429 3311 pertinet
446 3205 663 3310 ministrabit
678 3229 721 3283 ac
742 3204 855 3305 ipsum
877 3205 1086 3302 Capitulum
1103 3207 1151 3283 ab
1166 3208 1288 3308 hujus-

266 3333 368 3413 modi
387 3314 589 3406 officiorum
608 3324 929 3402 amministratione
952 3323 975 3400 fi
1000 3323 1097 3403 sarta
1116 3322 1227 3420 super
1250 3352 1289 3405 ua

265 3450 524 3545 impetereturq
540 3439 701 3517 totaliter
716 3439 912 3532 relevabit,
921 3456 1042 3518 cetera
1060 3464 1152 3516 uero
1170 3446 1290 3520 omnia

267 3565 301 3637 tir
318 3559 457 3661 fingula
473 3576 585 3631 onera
594 3552 775 3651 prefatum
794 3556 992 3650 capitulum
1009 3554 1046 3630 iu
1058 3554 1154 3630 ditia
1169 3558 1289 3641 Eccle-

266 3680 317 3758 sra
338 3669 586 3768 subportabit,
613 3691 683 3768 que
700 3660 841 3763 quidem
870 3670 990 3745 omnia
1012 3666 1047 3745 ἅ
1071 3662 1212 3770 singula
1235 3663 1291 3741 su⁴

170 3774 173 3779 ⁵
266 3818 335 3896 pra
354 3789 485 3883 scripta
503 3808 546 3861 ac
567 3803 690 3859 omnes
716 3782 748 3856 lit
771 3780 929 3885 ungulos
951 3783 1121 3858 articulos
1146 3777 1291 3878 presen-

267 3914 365 3991 tibus
383 3903 578 3998 descriptos
602 3898 820 3976 &contenta
845 3900 880 3973 in
909 3899 958 3973 eis
981 3895 1143 3994 prefatus
1164 3896 1292 3974 Domi·

265 4046 333 4101 nus
361 4026 482 4115 ‹ianrou
504 4015 704 4111 Propositus
727 4037 794 4109 pru
824 4013 858 4091 se
880 4013 913 4087 dr
937 4011 1196 4091 successoribus
1220 4011 1291 4087 suis

262 4161 307 4218 ac
330 4137 503 4224 Jolaonts
534 4132 574 4206 dt
594 4127 754 4236 Rotlorpo
784 4128 950 4207 Decauus
977 4129 1153 4206 Arnum
1176 4127 1291 4201 Steiris

1164 4230 1241 4320 Ju.
