3125 4934
320 490 387 579 ¹4².
638 410 1301 539 &W

160 738 162 745 .
262 670 382 769 tiques
403 660 620 765 approbatas
640 658 791 745 Ecclclie
806 660 1003 743 Mindenlis
1028 654 1203 743 hedenus
1219 677 1287 763 pt·

266 784 366 867 cilice
392 780 597 860 observatos
625 778 661 859 se
687 768 947 859 inviolabiliter
979 778 1212 859 serueturn'nr
1245 774 1285 861 l!

267 902 363 998 quod
388 894 522 975 secreta
549 886 708 990 Capituli
731 917 803 971 non
828 898 961 993 prodat
986 892 1022 971 a
1046 910 1170 971 cetera
1196 912 1292 993 prta·

266 1032 308 1093 ut
332 1012 414 1093 usus
441 1010 708 1093 consuetudinis
734 1014 892 1113 longene
918 1011 1088 1107 inolevit,
1131 1032 1204 1111 quo
1227 1010 1288 1091 sto·

266 1130 325 1211 ilo
351 1132 397 1208 ad
420 1126 588 1207 secandas
613 1122 723 1205 scolas
749 1130 981 1227 restituetur,
1010 1130 1046 1206 in
1071 1130 1205 1227 quibus
1228 1126 1286 1207 sci
1321 1130 1323 1219 j

261 1254 418 1331 cundum
439 1252 622 1349 antiquam
643 1242 796 1327 Ecclelie
813 1246 1107 1327 consuetudinem
1125 1248 1166 1327 in
1184 1245 1289 1329 olon·

265 1369 320 1449 nis
349 1368 473 1467 officijs
500 1362 750 1467 perseverabit
772 1366 983 1448 &officium
1007 1370 1061 1447 ad·
1081 1364 1277 1468 ipsum'ra·

267 1488 365 1568 tione
390 1493 523 1594 gradus
551 1488 739 1568 &ordinis
754 1489 989 1570 secundarum
1004 1486 1181 1569 scolarum
1198 1510 1304 1589 pet-.-

180 1661 182 1665 -
265 1613 380 1689 tinans
407 1609 590 1687 exercebit
617 1626 690 1685 tarn
717 1611 753 1686 in
776 1610 934 1711 capitulo
960 1632 1067 1711 quam
1096 1613 1134 1689 in
1165 1612 1276 1687 choro

266 1726 489 1807 tendentium
523 1720 759 1823 personaliter
789 1744 856 1825 per
885 1730 990 1805 unius
1029 1726 1163 1831 integri
1196 1724 1277 1805 anni

267 1846 443 1929 circulum
468 1845 602 1925 ibidem
624 1848 787 1927 fauurus
804 1848 1009 1929 continuam
1034 1848 1105 1929 line
1130 1850 1193 1948 spe
1215 1846 1302 1937 ulls·¹

267 1966 368 2064 cujus
391 1964 506 2066 gratie
533 1962 577 2039 de
601 1959 804 2043 remissione
831 1961 925 2043 illius
958 1970 1042 2046 duni
1073 1966 1136 2047 seu
1167 1964 1279 2067 partia

268 2077 344 2185 'eius
380 2084 454 2161 sroe
489 2080 762 2182 quomodolibet
786 2078 983 2181 faciende,
1014 2106 1086 2165 non
1120 2089 1279 2163 obllante
1317 2082 1322 2175 '‚

268 2196 390 2304 quodsi
404 2196 501 2278 forte
525 2194 653 2299 aliquis
670 2200 730 2278 vel
743 2202 853 2299 aliqui
869 2200 1041 2281 canonici
1063 2205 1143 2300 poll
1161 2202 1279 2299 ipsum
1317 2209 1322 2239 ⁴

266 2334 349 2398 ante
374 2314 480 2418 liujus
506 2310 589 2391 anni
618 2306 793 2394 circulum
821 2318 979 2417 elapsum
999 2322 1287 2419 peremanclpa··
1314 2302 1322 2393 ⁴.

267 2436 402 2515 tionem
423 2424 573 2509 fimiiem
601 2434 647 2506 'ad
672 2432 840 2511 secundos
856 2432 966 2515 scolas
990 2436 1288 2537 restituerentur,‚

267 2551 366 2649 quod
389 2546 508 2623 adhuc
530 2536 782 2623 nichilominus
809 2560 960 2648 propter
986 2550 1279 2629 eruditionem&

268 2654 564 2738 informacionem
596 2652 661 2731 stbi
691 2648 893 2757 faciend'am
925 2655 969 2737 de
1002 2662 1128 2739 ordine
1161 2666 1278 2745 Cantu

267 2780 303 2858 liz
329 2768 453 2854 divino
479 2773 596 2851 officio
622 2775 673 2871 de
690 2776 763 2851 ritu
787 2774 925 2872 iuribus
947 2778 1279 2883 consuetudinibus,

266 2891 575 2976 constitutionibus
602 2890 728 2988 juratis
755 2894 906 2993 aliisque
932 2896 968 2973 in
993 2896 1114 2976 Domo
1150 2888 1278 2983 Dotis·

265 3011 303 3089 ni
326 3002 485 3106 personis
510 3003 746 3081 ecclefiasticis
772 3007 806 3081 de
835 3006 980 3086 ecclesie
1002 3006 1204 3115 necessariis
1225 3038 1279 3099 re·

264 3129 378 3208 srdete
408 3140 475 3223 pet
505 3137 638 3200 annum
676 3120 858 3226 integrum
885 3142 1071 3225 teneatur,
1116 3134 1279 3221 etiamsi

265 3243 382 3344 ipsum
413 3242 514 3341 juxta
550 3236 841 3321 consuetudinem
878 3246 1084 3325 Ecclesiae
1115 3246 1307 3338 secundir'

265 3359 368 3439 scolis
387 3355 480 3455 eripi
506 3368 714 3449 oporteret,
747 3373 854 3451 qtram
880 3362 1174 3442 consuetudinem
1200 3382 1279 3447 m'o.

266 3477 409 3557 dum&
438 3475 594 3551 formam
626 3475 878 3552 rationabilem
912 3472 946 3552 dr
977 3476 1050 3577 juti
1085 3476 1311 3568 consbnarn¹

265 3606 473 3690 reputantes
493 3611 571 3663 eant
598 3587 842 3684 approbamus
872 3595 1034 3671 volentes
1052 3612 1093 3671 ut
1118 3602 1163 3677 de
1183 3618 1279 3681 cete.

267 3737 311 3800 ro
328 3721 366 3795 in
387 3714 482 3791 didla
505 3708 659 3785 roclena
675 3705 793 3780 nollra
813 3702 877 3781 sub
892 3704 1100 3803 'juramento
1122 3708 1279 3793 firmiter

268 3839 509 3923 observetur,
535 3822 594 3905 sed
610 3825 694 3923 quia
716 3824 786 3898 aliu
809 3820 1036 3901 consuetudo*
1057 3826 1101 3901 de
1123 3826 1277 3909 servicio

264 3976 331 4058 per
355 3945 552 4028 Canonicos
570 3940 616 4016 fic
631 3937 872 4032 emancipatos
887 3953 1052 4035 tempore
1073 3940 1281 4039 emancipe«

265 4065 370 4141 tionis
389 4064 523 4140 dudum
546 4054 737 4129 observata
752 4052 920 4127 uidelicet
946 4057 1042 4152 quod
1059 4056 1139 4132 talis
1158 4058 1279 4135 Cano·

262 4183 362 4266 tricus
384 4174 553 4284 expensas
577 4171 761 4279 graver&
786 4175 932 4253 omnino
954 4176 1098 4254 inutiles
1127 4198 1195 4355 nee
1220 4200 1282 4289 ee.

1158 4299 1180 4355 c
1196 4298 1235 4357 c·
