3125 4934
339 433 430 579 aa,
679 459 946 573 W

216 670 218 677 ·
293 647 441 745 scopato
464 633 650 746 prouidit3
674 646 803 724 deinde
826 670 970 749 quoque
988 650 1099 727 Anno
1116 652 1233 732 Doto.
1251 655 1303 732 Μ.

295 762 400 841 CCC.
424 764 609 841 XXXllll.
643 763 701 837 die
725 762 813 839 XXl
837 765 963 840 mensu
986 766 1072 857 Julii
1097 767 1134 841 in
1159 768 1302 844 civitate

293 866 467 979 leodimfi
484 879 520 953 in
538 876 690 956 Ecclcha
708 876 742 953 S.
763 876 996 956 Bartholomaei
1019 878 1092 976 ipse
1110 880 1159 956 hc
1179 884 1300 977 provi·

292 986 349 1067 sus
371 994 406 1068 in
422 990 634 1087 Episcopum
652 990 915 1088 Herhipolensem
928 993 1048 1069 fuerat
1062 993 1301 1093 consecratus,

292 1102 327 1179 dr
356 1106 519 1199 deinceps
548 1107 658 1182 Anno
690 1103 747 1180 Μ.
773 1104 877 1181 CCC.
895 1107 1048 1183 XXXV.
1071 1109 1133 1184 lll.
1155 1111 1297 1188 Kalend.

289 1218 447 1319 Augusti
467 1218 559 1292 idem
577 1217 740 1293 dominus
759 1215 977 1314 Episcopus,
1002 1220 1046 1294 de
1065 1220 1296 1296 civitateMo

291 1334 373 1434 tenfi
386 1335 419 1409 in
436 1333 676 1417 Franconiam·
694 1330 860 1407 reversus
881 1328 920 1407 in
945 1329 1092 1410 suorum
1113 1335 1294 1411 contribu-

288 1447 377 1524 lium
405 1447 527 1523 Castro
552 1443 730 1541 Roffebtrg
751 1441 787 1519 se
812 1444 969 1538 recepit,
992 1445 1026 1521 de
1052 1449 1180 1523 eodem
1208 1465 1294 1529 annu

289 1571 350 1646 ΠΙ.
373 1567 522 1643 liahend.
550 1561 770 1658 Septembris
791 1561 925 1638 Forum
936 1563 1167 1662 Herbipolmse
1181 1565 1293 1644 asem.

289 1683 367 1769 dit,
392 1675 424 1748 d
442 1696 462 1746 a
480 1672 618 1747 civibus
643 1670 775 1745 ibidem
794 1669 1026 1766 prael'eotibuo
1044 1673 1107 1747 fibi
1131 1673 1205 1749 fuit
1218 1676 1292 1751 hul·

250 1862 253 1869 Δ
287 1787 426 1881 datum,
445 1785 570 1859 deinde
587 1805 675 1858 rcro
692 1783 760 1858 Vll
775 1784 853 1859 idus
871 1783 1082 1861 Decembris
1098 1789 1291 1883 capitulum
1327 1870 1329 1875 ,

285 1896 515 1997 Herbipolmse
533 1893 648 1991 ipsum
666 1895 851 1970 dominum
863 1899 1014 2013 Omenogara
1029 1896 1064 1971 in
1078 1898 1291 1999 Episcopum

284 2015 387 2094 suum
411 2014 574 2107 recepit,
600 2012 630 2086 d
652 2008 876 2105 polleffiones
895 2013 1137 2105 munitionum
1152 2020 1291 2119 Episco.

283 2152 390 2234 patus
405 2131 571 2231 ailiguari
590 2129 785 2204 matidavit.

286 2264 297 2275 “
322 2270 325 2277 ’
381 2269 521 2347 Deinde
534 2264 711 2352 Dominus
725 2250 804 2337 Otto
817 2259 928 2338 insuo
944 2262 1134 2363 Episcopio
1149 2260 1288 2348 execra-

279 2382 372 2459 biles
389 2376 548 2458 Haereses
570 2372 807 2449 &hereticos
831 2374 981 2450 Errores
1008 2376 1150 2454 dcvitia
1170 2384 1288 2463 exilir-

279 2495 405 2594 pavit,
429 2498 472 2566 a'c
493 2489 598 2564 etiam
624 2488 667 2560 de
685 2482 863 2561 consensu
888 2476 1206 2570 &collaudatione
1226 2499 1287 2573 Ca·-

278 2604 386 2705 pittdi
408 2601 459 2676 sui
482 2623 523 2673 ac
540 2600 718 2689 aliorum,
742 2619 899 2692 qttorum
923 2597 1127 2693 intererat,
1162 2607 1285 2704 Capel-

278 2726 349 2799 lam
365 2719 405 2793 B.
421 2713 548 2788 diaria
565 2712 598 2784 io
617 2709 787 2809 Retebacb
812 2711 847 2783 in
867 2709 1066 2785 Canubium
1086 2715 1284 2798 Monachu-

276 2855 360 2913 rum
383 2826 588 2902 debentium
604 2821 683 2897 fore
701 2821 941 2916 subjectorum
956 2822 1096 2898 Abbati
1112 2835 1284 2911 monaste·

275 2952 321 3031 rii
343 2950 379 3023 iu
394 2938 579 3033 ll'ueulion‘
602 2940 758 3035 ejusdem
777 2939 967 3034 Dioecesrs,
993 2941 1175 3023 Caoouiee
1192 2952 1282 3035 insti.

273 3064 368 3152 tuit.
392 3061 579 3154 eidemque
591 3055 739 3131 cenobio
754 3055 945 3137 Ecclefiam
959 3059 1202 3152 parochialem
1220 3068 1282 3142 ibi·

274 3184 354 3257 dem
372 3175 407 3247 iu
425 3171 607 3257 Rctabach,
622 3168 1100 3265 pradibloquelldonasterio
1116 3174 1281 3256 lollium.

267 3295 337 3392 liat
351 3286 519 3364 [colchas
539 3284 762 3378 parochiales
786 3285 821 3358 in
840 3281 999 3357 Karbach
1022 3283 1107 3361 ticin
1128 3291 1282 3392 oreinsel

271 3413 337 3483 den
356 3401 626 3493 incorporavit3
652 3396 814 3471 fintiliter
835 3395 1054 3472 Scolasteriae
1072 3395 1144 3473 suae
1161 3405 1281 3484 Eccle.

268 3518 326 3593 fiae
352 3511 590 3608 Hadipolensis
616 3511 652 3583 in
679 3507 963 3600 norgaudum,
989 3508 1172 3587 Cantoriae
1193 3540 1279 3599 uero

266 3632 304 3709 in
327 3625 509 3713 Biberbncb
526 3624 693 3699 Ecclehas
710 3622 957 3718 parochiales,
986 3645 1031 3697 ex
1046 3623 1114 3718 piis
1134 3624 1168 3699 ἀ
1184 3626 1279 3722 justis

265 3730 376 3825 causrs
398 3742 467 3815 rite
485 3740 742 3836 incorporare,
765 3737 924 3834 plurima
942 3758 1085 3833 quoque
1109 3737 1278 3829 beneficia

262 3851 523 3940 Ecclefiallica‚
544 3873 585 3925 ac
604 3849 708 3923 etiam
731 3845 931 3942 Hospitalia
950 3850 986 3924 in
1001 3846 1065 3923 suo
1085 3850 1276 3953 Episcopo.

262 3980 318 4055 tu,
345 3960 390 4035 ob
406 3973 637 4055 augnrcutum
656 3959 771 4033 cultus
789 3956 923 4050 divini,
947 3955 1152 4052 &operum
1165 3964 1275 4055 pieta.

169 4079 171 4083 ’
260 4077 306 4153 tis
324 4072 560 4167 instituendo‚
586 4071 803 4180 confirmare
826 4070 981 4149 curauit.
1128 4177 1198 4260 Ins
1324 4120 1332 4247 Ι

1189 4204 1230 4260 u.

711 4378 734 4429 Ο
