3125 4934
387 452 433 539 36-
596 444 973 535 *RQ

340 644 385 716 de
406 637 545 715 duobus
573 631 706 714 murm
729 629 893 731 solvendi
923 620 1105 731 superstiti
1133 652 1176 712 oc
1205 630 1365 725 addendi

237 736 242 751 “
339 741 572 829 consolationi
585 750 657 844 jem
670 736 767 819 dicte
783 743 820 819 in
834 739 1078 821 anniversario
1099 743 1230 839 prefati
1239 745 1366 823 Comi·

340 865 386 941 tis
400 859 545 963 Adolpiti
559 875 601 934 ut
614 872 701 933 tunc
719 856 886 956 deinceps
904 857 1036 957 viginti
1058 853 1160 935 solidi
1177 860 1213 936 in
1235 861 1370 938 eodem

212 1064 216 1071 ,
309 976 311 981 ’
340 973 588 1060 anniversario
610 971 706 1066 inter
720 964 901 1075 presentes
921 971 1172 1049 canonicosdr
1197 973 1368 1051 Vico'rios

341 1093 548 1196 aliqualiter
592 1092 635 1186 ⁶)
677 1088 920 1185 dividantur,
978 1091 1023 1166 de
1075 1088 1219 1169 duobus
1273 1101 1386 1166 vero‘

338 1217 481 1298 trientis
518 1207 718 1293 restduis
705 1232 743 1285 m
777 1203 1027 1286 attriversarto
1062 1211 1127 1308 ipst
1166 1208 1366 1311 presbiteri

262 1336 280 1344 ”
338 1324 575 1438 emptoris&
604 1321 788 1402 donetoris
826 1346 899 1401 uno
925 1327 1082 1404 candeio
1122 1326 1366 1456 tiodiumaiip·

340 1447 482 1528 oblocio
520 1442 568 1519 od
587 1434 726 1517 missam
770 1456 840 1534 pro
882 1417 1061 1514 defunctis
1102 1462 1217 1515 unus
1230 1435 1366 1515 solidus

339 1561 544 1645 scolaribus
560 1552 645 1631 osto
667 1552 834 1628 denarios
851 1548 1071 1649 Cameratijs
1099 1553 1135 1629 dc
1161 1555 1366 1651 Campona·

234 1696 236 1700 ·
338 1677 402 1782 riis
418 1670 638 1752 tribuentur.
712 1661 831 1760 Super
854 1658 1077 1741 exstantibus
1097 1664 1281 1760 denariis
1269 1680 1365 1745 mter

339 1796 351 1872 i
352 1791 433 1895 psius
462 1775 639 1866 Domitios
668 1778 706 1857 tiz
730 1778 887 1869 vicarios
911 1777 1128 1878 presentes
1116 1805 1154 1858 ιιι
1170 1779 1271 1859 missa
1294 1784 1363 1879 pr'o

340 1817 518 1988 clitonem
536 1896 713 1998 equoiiter
741 1895 977 1990 dividendos,
1008 1914 1123 1997 porro
1147 1897 1172 1976 si
1200 1876 1364 1997 suprodi-

334 2026 418 2105 etus
437 2016 616 2101 Dominus
631 2011 752 2089 noster
767 2009 963 2110 Episcopus
978 2016 1041 2091 vel
1065 2013 1250 2093 Successor
1265 2011 1365 2089 sorte

336 2136 447 2238 ipsius
463 2125 665 2231 predictam
680 2123 793 2202 trium
809 2127 1028 2207 talentorum
1046 2129 1251 2228 pensionem
1264 2130 1364 2209 redi·

335 2271 441 2333 mere
463 2245 524 2322 vel
542 2259 763 2339 recuperare
789 2239 971 2338 voluerit,
1002 2243 1079 2321 Nos
1102 2244 1235 2346 viginti
1263 2248 1385 2322 ιιιιιισΙ

337 2389 399 2457 ecs
415 2352 614 2457 Bremenfis
631 2352 792 2457 Argenti
800 2354 1027 2433 restituemus
1036 2355 1243 2457 supradicio
1260 2379 1365 2456 pres·
1387 2436 1391 2440 ,

240 2552 242 2557 .
335 2485 486 2575 bitero,
509 2489 550 2551 ut
565 2466 639 2569 ipse
662 2467 836 2569 superstes
866 2473 911 2547 de
928 2470 998 2550 illis
1022 2475 1165 2551 ordinet
1185 2474 1363 2572 qoodstbi

314 2693 318 2705 ,
339 2600 454 2685 fuerit
481 2607 730 2692 oportunum,
754 2587 815 2666 sed
836 2614 879 2668 eo
895 2594 1089 2673 decedente
1110 2598 1154 2674 de
1178 2580 1363 2677 memoro·

339 2722 384 2802 t'is
406 2709 680 2817 vigintimarcis
711 2709 990 2801 consolationem
1015 2711 1125 2792 societ
1145 2714 1363 2797 Dominis&

339 2832 485 2930 vicariis
505 2843 623 2930 prout
645 2843 732 2905 tunc
751 2827 867 2906 fibi&
892 2829 996 2907 nobis
1016 2831 1132 2911 visunt
1160 2832 1276 2913 suerit
1299 2859 1362 2914 ex·

334 2957 480 3060 pedire.
530 2944 688 3046 incoins
704 2936 758 3028 rer
747 2952 1011 3031 testimonium
1027 2953 1184 3057 sigillum
1200 2940 1370 3038 nostrum¹

335 3067 564 3177 presentibus
579 3066 630 3142 est
648 3055 858 3163 appensum
923 3069 1061 3146 Datum
1075 3073 1189 3149 Anno
1212 3074 1361 3153 Domini

338 3183 539 3268 Millestmo
569 3182 821 3259 ducentefimo
852 3185 912 3261 odi
894 3184 1096 3288 inagestmo
1132 3184 1336 3270 secundo
1322 3214 1407 3281 ιιι

335 3301 473 3380 ostova
476 3277 752 3394 Assumptioois
764 3296 872 3375 beate
885 3297 1061 3403 Virginis.

386 3429 448 3501 22
462 3419 571 3523 Aug.

381 3573 428 3666 ⁴)
448 3568 540 3651 fors.
572 3567 761 3670 equaliter.

1192 3698 1205 3743 ,
1389 3314 1408 3767 i
