3125 4934
392 451 462 529 180
717 436 1008 505 mi

247 632 278 669 's
343 631 399 709 bis
418 630 455 708 in
477 650 573 708 anno
596 628 767 707 videlicet
793 629 888 733 seria
910 628 1065 709 secunda
1090 632 1260 730 proxima
1291 635 1375 736 post

342 747 570 825 Dominicam
599 769 670 843 qua
697 763 862 825 cantatur
899 748 1008 852 Qafi
1030 752 1132 823 modo
1163 752 1273 843 geniti
1309 755 1375 835 vel

342 863 510 961 proxima
526 862 584 936 die
598 857 774 955 sequenti,
800 857 941 935 srdiila
962 863 1119 940 municio
1137 864 1263 963 omissa
1287 866 1373 947 fuc-

341 980 413 1070 rit,
450 978 549 1075 quod
583 972 697 1069 absrt,
733 972 776 1047 ’ἀ
809 971 867 1047 die
900 971 1031 1050 ottavo
1066 977 1163 1053 beati
1198 979 1370 1058 Michae-

305 1099 386 1193 ,lis
411 1097 468 1170 vel
504 1093 562 1166 die
594 1087 764 1187 proxima
797 1086 988 1185 sequenti,
1028 1091 1150 1184 s1,ut
1182 1096 1371 1193 premitti-

339 1222 402 1283 tur
430 1198 594 1280 omissnm
619 1194 764 1291 fuerit,
813 1200 954 1275 moneri
989 1201 1097 1284 debet
1136 1227 1206 1301 pro
1232 1202 1369 1281 'soluti-

340 1346 410 1401 one
448 1312 638 1396 munuum
673 1310 943 1411 prebendarum
982 1316 1188 1396 nostratum
1234 1322 1368 1399 obten-

284 1420 291 1439 ¹
338 1464 461 1526 tarum
498 1436 691 1514 aDecano
724 1432 982 1512 &cellerario
1013 1455 1126 1535 prout
1161 1440 1198 1515 in
1232 1443 1368 1523 statuto

338 1563 449 1661 super
479 1557 550 1632 hoc
584 1549 752 1637 conseilo
779 1553 886 1630 latins
918 1556 1147 1648 continetur,
1180 1558 1215 1633 ἃ
1248 1557 1367 1656 ipsam

274 1760 278 1765 ,
338 1675 577 1761 monitionem
592 1669 673 1747 fieri
701 1670 872 1747 volumus
892 1671 974 1789 ipso
996 1672 1180 1769 Proposto
1196 1676 1368 1774 presente

339 1799 376 1875 ir
394 1790 631 1894 personaliter
644 1789 871 1890 apprehenso
895 1793 928 1868 tle
947 1795 1119 1892 invento,
1142 1799 1229 1874 alias
1250 1800 1274 1875 sr
1297 1804 1367 1879 ab·

339 1910 554 2017 senessuerit
577 1925 643 1987 ont
667 1912 705 1987 in
730 1910 1084 1995 civitatellsh'ndcnsr
1110 1920 1266 2016 reperiri
1289 1945 1367 2003 non

337 2029 446 2133 posfit
468 2027 507 2103 in
529 2025 684 2104 Ecclesia
707 2024 889 2105 Mindensr
921 2030 982 2106 vel
1007 2032 1109 2107 curia
1133 2024 1365 2131 Prepositure

340 2147 432 2224 odeo
445 2136 596 2239 publice
612 2137 834 2234 macrone,
859 2143 955 2233 quod
978 2137 1186 2237 hujusmodi
1206 2147 1365 2227 monitio

217 2273 220 2281 ’
277 2323 280 2328 .
336 2259 571 2353 adeumdem
591 2255 713 2334 Doiim
729 2253 955 2352 Prepositum
978 2259 1099 2335 valeat
1114 2258 1364 2346 verisimiliter

338 2372 552 2474 pervenire,
584 2366 725 2446 srvero
742 2368 910 2444 Decanus
937 2366 973 2443 st
996 2368 1216 2451 Cellerarius
1246 2360 1362 2457 ambo

339 2488 402 2568 seu
418 2489 512 2563 alter
530 2507 655 2561 eornm
671 2477 835 2561 abissent
848 2485 908 2559 vel
923 2474 1057 2567 abesset
1077 2503 1142 2591 ant¹
1155 2487 1277 2586 aliquo
1289 2489 1363 2566 im-

263 2582 271 2598 ’
337 2600 605 2704 ροῑςῃῑὶμ,ῐυῐίε
624 2600 684 2675 vel
697 2595 785 2674 sacii
805 2597 1080 2694 quomodolibet
1094 2600 1364 2696 impedirentur

339 2731 404 2794 aut
415 2711 660 2811 impediretur
676 2724 742 2785 aut
759 2709 883 2806 aliquo
910 2709 1169 2806 impedimento
1191 2727 1363 2790 teneren-

336 2818 1360 2925 mmmmmmmffimmwm

339 2939 532 3023 resrdentea
555 2935 796 3042 monicionem
820 2933 1029 3033 hujusmodi
1053 2935 1226 3014 sociante
1248 2937 1360 3036 Cepi

340 3054 418 3132 rarlo
444 3045 658 3144 irrequisrti,
681 3043 707 3122 st
731 3066 823 3120 vero
839 3045 1005 3122 Decanus
1026 3043 1122 3124 solus
1142 3044 1279 3126 abesset
1297 3058 1361 3134 vel

338 3190 411 3246 non
429 3165 599 3242 existente
614 3162 764 3238 Decano
783 3160 1002 3240 Cellerarius
1019 3160 1182 3242 monebit
1200 3191 1284 3260 cum
1300 3168 1360 3252 su'·

335 3284 484 3384 periore
493 3281 534 3356 oz
552 3281 718 3357 Decanus
737 3279 883 3359 absente
898 3284 1100 3360 cellerario
1115 3287 1175 3362 vel
1191 3310 1264 3364 non
1279 3292 1359 3369 exi·

337 3396 448 3472 sente
466 3390 569 3468 fimili
587 3394 696 3467 modo
719 3393 883 3468 monebit
901 3417 984 3471 curn
1014 3395 1201 3493 superiore
1225 3405 1360 3496 quovis

334 3505 473 3607 quesrto
490 3507 614 3581 colore
632 3501 792 3598 semoto,
817 3504 851 3579 lle
869 3508 965 3600 quod
982 3509 1102 3585 nullus
1117 3529 1272 3609 propter
1285 3515 1360 3599 hoc

333 3624 383 3697 rie
402 3620 560 3696 Ciuitate
575 3616 756 3693 Mindensr
772 3621 948 3715 recedat,
970 3637 1134 3699 ceterum
1149 3624 1174 3698 st
1196 3626 1360 3721 predlln

230 3824 232 3829 ,
334 3736 493 3815 seniores
520 3737 578 3823 ve]
602 3736 697 3810 alins
720 3756 853 3810 eornm
890 3755 1045 3833 propter
1070 3741 1360 3824 invaletudinem

336 3852 519 3927 velaliam
544 3873 798 3947 quamcunque
819 3853 1069 3963 impotentiam
1099 3855 1361 3958 excusabilem,

251 3982 255 3987 '
332 3991 444 4065 onam
462 3968 634 4041 intimare
654 3968 760 4042 debet
778 3962 841 4039 suo
865 3966 1051 4044 successori
1077 3971 1113 4046 in
1135 3968 1252 4071 gradu
1269 3997 1362 4071 pro·

222 4091 232 4100 ‘
334 4087 471 4164 raimoni
493 4080 662 4159 resrdeoti
681 4082 739 4157 vel
756 4081 927 4160 intimare
942 4083 1064 4164 facere
1080 4087 1114 4165 ti
1129 4087 1165 4167 se
1182 4088 1248 4167 sub
1264 4092 1363 4189 jura·

1182 4227 1309 4288 mento
