3125 4934
338 384 390 531 gg
469 530 471 537 Ι
663 426 930 492 emma
1090 410 1093 417 '

157 613 162 633 ‘
290 630 383 710 hanc
399 629 508 708 faciat
523 619 696 702 revocari
720 619 781 696 vel
804 618 927 695 verius
945 620 1151 716 emendari2
1177 618 1323 720 Episco.

286 771 354 846 pus
377 759 498 820 autem
514 741 540 817 st
556 741 626 816 hoc
641 734 785 813 efficere
803 755 876 808 non
891 733 1029 827 poterit
1053 735 1149 813 infra
1171 740 1322 835 quinde-

288 865 360 943 cim
384 860 458 935 dies
488 882 512 934 a
537 872 703 948 tempore
733 848 1013 926 denuntiationis
1056 861 1320 952 computandos

285 989 441 1064 extunc
469 986 687 1062 advocatum
714 998 797 1052 cum
818 970 888 1049 suis
910 972 1074 1056 officiatis
1106 1003 1318 1061 excommu-

286 1106 449 1183 nicatum
474 1099 620 1198 publice
641 1091 868 1171 denuntiabit
890 1092 924 1168 dc
943 1090 988 1167 ab
1005 1078 1176 1174 omnibus
1193 1098 1314 1187 saciet

287 1215 422 1296 evitari
448 1217 562 1291 donec
585 1209 776 1287 satisfaciat
799 1206 953 1286 Ecclcse
984 1207 1046 1284 vel
1072 1207 1313 1289 Ecclesiastico

281 1329 434 1428 persone
450 1329 509 1406 cui
548 1326 695 1423 injurias
713 1324 896 1425 irrogavit
912 1374 924 1414 2
949 1322 1020 1398 hoc
1045 1321 1243 1420 Episcopus
1260 1343 1310 1403 ta·

157 1472 160 1484 ’
280 1448 347 1528 slis
363 1443 591 1524 sacrosanslis
612 1442 817 1542 Evangeliis
830 1437 1051 1516 sacramento
1068 1446 1315 1537 corporaliter¹

267 1578 426 1679 prestito
443 1572 479 1649 sc
492 1572 676 1649 fasiurum
691 1569 727 1644 dc
742 1566 970 1647 servaturum
988 1573 1024 1646 in
1039 1569 1132 1647 facie
1148 1568 1307 1671 Capituli

277 1691 495 1792 repromisit.
546 1689 642 1765 Atta
656 1686 735 1763 sunt
750 1691 817 1766 hcc
838 1688 947 1762 Atnro
965 1689 1089 1764 Gratie
1110 1688 1303 1776 Millcfimo

277 1810 517 1911 ducentesimo
532 1806 710 1885 tricesimo
725 1803 891 1884 secundo.
943 1808 995 1884 ld.
1026 1809 1254 1886 Decembris.

332 1929 483 2019 13.Dcc.
897 1951 900 1957 “

276 2026 1324 2205 Μωᾞω

603 2259 606 2265 ’
736 2282 827 2397 rx.
1048 2332 1050 2351 ι
1193 2265 1324 2485 *j

258 2450 682 2584 ''ranrsnmrns
727 2492 909 2582 rnrnn
959 2486 1324 2619 nccnusmnp

369 2620 688 2701 MYNDENSEM
725 2625 792 2700 ar
826 2624 1198 2712 sutrinensem.

272 2786 538 2981 Venerabili
577 2788 613 2863 in
637 2785 778 2881 Christo
808 2789 905 2867 Patri
935 2814 978 2867 ac
1006 2793 1089 2872 uno
1114 2784 1324 2898 Episcopo?

391 2902 575 2999 Prepostto
600 2904 748 2980 Decano
766 2906 904 3003 totique
932 2910 1102 3005 Capitulo
1119 2892 1324 2991 Midoen-k

271 3011 314 3092 sts
341 3017 575 3094 Ecclesse-R.
607 3016 677 3093 Dei
709 3020 834 3095 Gratia
865 3022 1059 3120 Episcopus
1086 3025 1324 3125 Preposrtdtffl'

211 3203 215 3209 .
268 3130 436 3206 Decanus
452 3147 641 3227 totumque
656 3131 821 3208 Swerine
848 3134 883 3210 sc
903 3138 1110 3233 Capitulum
1128 3164 1210 3229 cum
1226 3122 1324 3219 debe

267 3244 364 3320 votis
390 3242 624 3318 Orationibus
647 3243 780 3320 smcere
797 3159 996 3324 dficslionis
1012 3248 1199 3353 aisesium,
1221 3256 1305 3335 Li-'

268 3376 327 3436 cet
349 3381 411 3435 cos
433 3382 521 3457 quos
549 3359 679 3436 Christi
704 3362 817 3439 nectit
840 3387 945 3442 amor
968 3382 1150 3448 terrarum
1173 3362 1273 3470 spatia

267 3475 431 3552 dividant
453 3473 488 3547 dt
514 3476 681 3551 locorum
701 3477 841 3571 separet
858 3477 1047 3575 distansia,
1074 3480 1271 3584 sempert'a.

264 3611 349 3664 men
364 3608 424 3662 eos
443 3585 477 3661 dc
495 3586 623 3662 mentis
644 3587 757 3669 trahit
772 3586 962 3667 affection
981 3593 1071 3695 ilgat
1092 3598 1268 3683 vinculum

265 3701 437 3782 caritatis.
492 3702 651 3779 'Audita
673 3703 787 3804 igitur
809 3703 905 3781 fanto
926 3705 1118 3791 honestatis
1140 3716 1173 3792 dc
1194 3712 1276 3795 reli?

261 3813 379 3917 gionis
403 3812 522 3912 quein
544 3812 696 3891 Ecclesia
712 3815 831 3900 vestra
853 3818 995 3917 geritur
1010 3821 1046 3898 in
1069 3823 1264 3915 societatem
1282 3818 1285 3827 ⁵

262 3930 575 4006 &fraternitatem
594 3933 746 4009 vestram
762 3934 875 4029 recipi
904 3934 939 4010 dc
961 3960 1025 4019 vos
1051 3942 1088 4021 in
1116 3952 1261 4031 nostram

260 4036 423 4141 recipcre
450 4047 720 4143 concupivimus
742 4047 851 4145 supra
878 4052 1028 4132 modum
1052 4055 1143 4139 sicut
1168 4040 1261 4149 etiam

1184 4201 1324 4264 ut=
