3125 4934
653 488 923 551 &W
1181 508 1250 580 103

258 683 386 780 uitet,
408 675 477 778 ipli
489 675 642 755 'nouus
659 678 846 773 prebende
863 677 899 750 dr
917 675 1191 758 distribuciones
1206 681 1300 759 coti·

266 799 368 874 diane
390 796 430 871 in
448 791 725 891 quibuscunque
742 792 851 868 rebus
869 791 1078 887 consistant,
1104 793 1195 870 stcut
1218 795 1298 894 alijs

266 911 487 1003 Canonieis,
518 907 730 1006 quidivinis
758 907 897 1008 Officijs
933 907 972 982 in
1002 909 1121 984 nostra
1147 910 1299 987 ecclelia
1371 988 1376 1019 Ι

265 1021 458 1119 affuerint,
482 1022 718 1118 tribuantur,
745 1040 914 1119 preterea
933 1044 1017 1098 cum
1042 1024 1209 1098 nonnulli
1226 1023 1297 1100 Ca-

264 1139 386 1218 nonici
403 1138 468 1239 qui
482 1138 686 1237 prebendas
714 1140 851 1217 statutis
878 1135 1104 1236 temporibus
1138 1138 1294 1215 admini-

263 1254 373 1331 llrare
412 1270 584 1331 tenentur
604 1251 669 1329 sub
691 1252 752 1350 spe
776 1254 989 1332 remilltonis
1015 1245 1099 1348 ipsss
1124 1249 1292 1331 faciende

263 1374 489 1470 temporibus
508 1392 549 1449 ut
565 1375 792 1472 premittitur
807 1396 880 1450 uon
895 1371 1097 1450 ministrant
1113 1370 1147 1445 dr
1162 1372 1292 1446 inobe-

264 1489 398 1565 dientes
423 1488 661 1588 efficiuntur,
689 1506 743 1564 ut
764 1506 887 1568 autem
915 1488 1124 1587 hujusmodi
1151 1485 1292 1562 futuris

262 1607 432 1704 periculis
450 1609 487 1682 iu
512 1623 685 1704 quantum
708 1605 872 1701 poffibile
894 1607 943 1683 est
959 1606 1155 1697 obviatur,
1191 1606 1291 1681 ordi-

261 1720 387 1799 uainos
406 1739 449 1798 ut
463 1723 669 1821 quicunque
686 1738 841 1819 propter
855 1724 1102 1801 detentionem
1128 1724 1290 1817 preben-

260 1841 480 1939 ded'ripsrus
501 1839 848 1917 administrationem
877 1865 951 1919 non
976 1841 1108 1918 fabiam
1136 1839 1196 1918 sed
1221 1841 1289 1916 im-

257 1962 443 2059 posterum
465 1958 668 2038 faciendam
698 1961 909 2039 inobediens
932 1962 1048 2039 focius
1080 1961 1196 2039 fuerit
1226 1958 1289 2035 seu

257 2073 385 2172 fieret,
411 2074 617 2154 nullatenus
635 2078 682 2151 ad
711 2077 955 2153 obedientiam
980 2079 1200 2153 admittatur
1221 2068 1288 2154 uili

254 2193 377 2295 primo
406 2188 542 2268 canu
560 2192 683 2266 omnia
695 2193 740 2268 de
756 2192 923 2268 omuibus
940 2192 1088 2267 retentis
1106 2190 1290 2269 satisfece-

254 2316 305 2393 rit
326 2310 610 2411 integraliter&
629 2332 674 2408 ex
694 2324 774 2384 toto
791 2311 825 2382 dr
845 2309 1070 2406 prebendam
1102 2322 1287 2387 retentam

252 2421 562 2504 administraverit
578 2419 784 2498 universam
801 2425 902 2500 nulla
926 2422 1131 2501 remillione
1145 2422 1213 2520 ipfi
1232 2421 1288 2497 fa·

251 2541 311 2618 ila
325 2539 388 2616 stu
402 2540 573 2617 facienda
584 2538 643 2614 seo
660 2538 768 2612 etiam
786 2539 1043 2634 protestatione
1059 2539 1286 2640 seadjuuau·

250 2670 308 2752 te,
336 2677 446 2753 quam
460 2651 544 2730 ant'c
565 2649 601 2728 in
616 2653 862 2730 obedientiam
873 2650 1070 2736 secundum
1089 2656 1286 2736 confitetu-

249 2768 376 2848 dinem
408 2767 554 2846 ecclede
584 2767 665 2845 lieri
699 2769 870 2846 volumus
895 2773 1040 2867 penitus
1065 2773 1283 2874 profutura,

245 2885 403 2985 insuper
423 2889 652 2964 decrevimus
684 2903 727 2962 ut
749 2889 942 2992 quicumque
964 2894 1005 2968 de
1023 2884 1201 2972 Canuleio
1222 2917 1283 2970 uo-

243 3005 329 3103 ftris
339 3023 404 3106 per
419 3006 589 3103 Sabolarer
606 3007 654 3079 acl
668 3006 764 3080 ludos
769 3007 916 3104 pueriles
931 3015 1128 3087 exercendos
1143 3012 1184 3087 iu
1195 3011 1282 3109 Epi-

243 3123 380 3222 scopum
387 3120 418 3218 s
412 3124 573 3198 erundum
587 3121 737 3196 ordinem
751 3137 864 3198 tamen
884 3121 920 3196 td
935 3130 1084 3214 gradum
1093 3127 1213 3226 fuerit
1225 3126 1281 3224 as-

243 3237 423 3334 sumptus,
448 3239 468 3279 *
493 3235 555 3312 ille
577 3237 726 3334 inquam
743 3238 945 3319 canonicus
969 3257 1095 3339 preter
1116 3245 1154 3317 id
1178 3245 1280 3340 quod
1380 3310 1387 3327 t

246 3354 485 3434 scholaribus
506 3356 687 3449 adludos
703 3355 890 3451 premiffos
913 3361 1092 3458 probetur
1116 3376 1279 3458 quatuor
1390 3334 1403 3367 N

244 3488 390 3547 marcas
406 3465 636 3566 armenus,
654 3469 749 3549 ¹duas
776 3471 821 3545 ad
838 3473 1038 3549 amtarium
1055 3475 1220 3567 nostrum
1243 3477 1280 3553 dc

244 3578 411 3672 reliquas
423 3579 509 3655 duas
526 3580 572 3656 ad
589 3578 1083 3661 dormito'riumScbolarium
1099 3591 1276 3685 usquead

244 3693 452 3770 Crastinum
465 3698 826 3796 EpiplrauieDomiui
836 3702 1041 3779 immediate
1056 3701 1276 3804 subsequen·

243 3807 292 3881 tis
309 3807 495 3904 persolvet
511 3815 699 3910 expedite,
728 3816 825 3910 quod
848 3802 969 3911 diple
991 3817 1192 3898 Canouieus
1209 3847 1274 3900 uc·
1344 3911 1346 3915 y

243 3916 390 4019 gligeos
408 3917 520 3999 fuerit
539 3924 599 3999 vel
618 3921 781 4007 romilius
799 3927 895 4022 qood
910 3924 1024 4023 absit,
1047 3951 1093 4007 err
1114 3946 1200 4007 tuuc
1216 3932 1286 4009 in·.
1347 4029 1349 4033 ,

702 4036 736 4111 G
763 4059 788 4130 4
1053 4044 1224 4122 obediens
1270 4104 1273 4109 .

288 4189 312 4237 ”
338 4188 412 4262 vide
429 4189 693 4268 Dillcrtationem
712 4196 752 4273 cl.
778 4202 821 4274 D.
837 4202 943 4274 Diirr:
957 4204 1274 4309 DeEpiloopopue.

339 4315 467 4367 tortuu.
494 4292 610 4367 cuufcr
629 4306 803 4371 quomrum
821 4301 970 4380 CXXVI,
