3125 4934
630 445 899 507 mm
1037 508 1045 523 e
1177 414 1312 549 aas·

243 635 444 739 Episcopi,
468 627 724 735 Purificationir
739 635 843 711 beate
853 633 991 733 Mario,
1012 632 1208 738 Walburgr's
1220 647 1296 727 vir.
1383 726 1388 745 ι

243 747 351 861 ξὶηἰε
372 778 419 833 ae
436 753 648 837 Nativitatis
664 749 778 843 senili
804 750 982 837 Jobanm's
1001 754 1149 850 Baptista
1169 762 1296 843 imma.
1383 836 1387 843 ¹

247 874 355 950 diate
370 867 671 966 subsequentibus
688 863 894 939 tenebimur
912 864 1094 960 provisori
1118 874 1294 951 dormito·

245 986 409 1067 riaiium
425 986 488 1081 qui
504 983 644 1077 vestpro
675 993 841 1070 tempore
864 981 910 1050 ad
930 999 1057 1055 manus
1080 989 1294 1069 eorumdem

244 1099 479 1183 scholarium
498 1097 584 1169 dare
600 1090 634 1164 tlt
650 1088 859 1189 persolvere
874 1089 911 1163 iu
936 1092 1102 1185 quolibet
1124 1113 1291 1193 temporo
1318 1084 1321 1089 ⁸

246 1215 437 1312 festorum
457 1205 708 1306 predielorum
737 1201 896 1298 quinque
911 1201 1070 1280 fertones
1091 1207 1291 1293 Bremensrs

248 1323 409 1427 argenti
429 1319 594 1419 superius
613 1312 831 1393 enumeratis
848 1312 885 1389 in
906 1334 1034 1411 parata
1051 1323 1206 1416 pecunia
1214 1350 1293 1409 om.

249 1443 368 1518 nibus
389 1432 661 1541 exceptionibus
677 1429 766 1527 juris
783 1430 842 1505 vel
861 1428 1064 1510 festinabis
1079 1459 1291 1538 competen-

248 1556 356 1632 tibus
370 1549 567 1651 rejeiiis&
593 1545 724 1624 evulsis
738 1561 802 1620 aut
823 1561 936 1623 totam
952 1551 1141 1644 pecuniam
1152 1557 1293 1652 pensio.

248 1652 310 1746 nis
338 1666 464 1762 primo
487 1659 643 1737 termino
668 1659 729 1763 vel
752 1655 908 1735 secundo
930 1661 1096 1745 dabimus
1123 1674 1291 1775 predi&
1364 1734 1370 1751 ,

252 1773 448 1887 progisori
463 1778 510 1851 ad
524 1794 652 1850 manus
675 1769 783 1868 supra
801 1772 981 1850 diilorum
991 1775 1210 1862 scholarium
1227 1810 1292 1867 ex·
1346 1826 1348 1835 ν
1379 1834 1382 1839 -

254 1894 410 1997 pe'dite3
432 1885 614 1984 adjeslum
639 1887 689 1962 est
707 1886 962 1984 eeianrqnoni
980 1891 1182 1991 prediilom
1202 1922 1294 1997 pen.

255 2011 397 2101 sionem
414 2002 572 2103 quinque
581 2020 788 2077 marcarum
798 2001 930 2097 partim
949 2002 1008 2078 vel
1019 2004 1294 2089 divifimfivelu

259 2150 342 2210 toto·
357 2132 423 2208 vel
445 2132 482 2206 in
507 2142 612 2227 parte
632 2145 801 2202 exemere
825 2122 1117 2222 decreverimus,
1144 2155 1189 2210 est
1206 2149 1294 2210 tnnc

263 2247 416 2327 inbonis
429 2240 717 2338 competentibus
735 2235 818 2332 sepe
836 2235 947 2313 fatam
962 2239 1167 2333 pensionem
1189 2247 1295 2344 quin·

268 2386 338 2467 que
355 2377 565 2436 marcarum
592 2351 664 2445 fine
689 2352 812 2445 aliqua
834 2351 1125 2427 contradiecione
1145 2376 1295 2451 compa·

268 2465 738 2565 remus,s1veropretliiin
757 2462 859 2541 curia
874 2462 1039 2541 incendio
1064 2467 1124 2563 vel
1146 2467 1219 2543 alio
1236 2493 1296 2546 ea·
1341 2464 1344 2471 ’

257 2598 305 2677 ¹su
324 2593 510 2672 devastata
524 2585 793 2664 sueriteaudem
805 2579 1010 2678 pensionem
1030 2582 1296 2682 quinquemar·

271 2734 398 2794 eorum
414 2722 480 2784 nos
496 2705 556 2778 vel
575 2698 788 2778 succesores
804 2697 915 2773 nostri
939 2695 1082 2791 prefato
1107 2704 1292 2800 provisori

270 2834 313 2910 ad
328 2824 414 2906 usus
431 2813 648 2901 scholarium
672 2815 755 2915 sepe
780 2813 1182 2910 supranominatorum
1211 2814 1308 2921 per?
1356 2914 1357 2919 Ν

270 2937 416 3028 solvere
433 2937 616 3016 tenebitur
626 2920 715 3009 ficut
731 2929 845 3024 prius.
895 2927 934 3002 In
951 2929 1052 3023 cnjus
1067 2933 1120 3007 rei
1137 2938 1296 3019 testimo.

270 3061 373 3140 nium
395 3050 552 3153 figillmn
575 3048 735 3124 nostrum
751 3038 976 3139 presentibus
993 3047 1162 3156 duximus
1184 3075 1297 3150 appo.

271 3173 433 3259 nendum
447 3162 484 3236 tiz
499 3180 541 3238 ut
565 3160 685 3236 omnia
701 3153 907 3254 supradiila
925 3158 1133 3238 inconvulsa
1154 3165 1188 3239 tiz
1213 3183 1299 3258 per·
1389 3170 1391 3175 ’

272 3307 387 3396 petuo
418 3273 763 3361 incommutabiliter
797 3293 1054 3381 permaneant,
1095 3280 1300 3372 presentem

274 3410 392 3488 eclam
408 3397 578 3498 paginam
593 3387 792 3468 munimine
819 3389 930 3490 figilli
943 3393 1052 3466 nostri
1076 3393 1235 3488 Capituli
1253 3397 1300 3477 ad

275 3515 411 3600 Causas
428 3511 595 3607 duximus
618 3506 902 3582 roborandam·
928 3507 973 3580 Et
997 3528 1060 3583 nos
1086 3509 1137 3586 Ca
1166 3513 1302 3592 itulum

270 3627 434 3715 ¹Ecclesre
457 3619 654 3717 Min'densss
671 3619 716 3690 ad
735 3638 904 3718 rogatum
933 3617 1008 3694 Dfii
1037 3621 1203 3699 Volcmari
1220 3623 1317 3703 Pte-2

274 3739 386 3845 posui
407 3728 519 3830 saneti
552 3725 722 3816 Jorannis
743 3724 940 3829 supradiili
962 3725 1116 3828 sigillum
1139 3733 1303 3808 nostrum

273 3859 325 3936 ad
350 3846 471 3930 causas
488 3844 712 3943 presentibus
732 3844 901 3919 duximus
921 3847 1190 3942 apponendum.
1228 3845 1304 3926 Da·

272 3987 359 4053 tum
399 3967 509 4041 Anno
540 3959 690 4043 Domini
716 3959 906 4035 millefimo
944 3958 1184 4048 tricentesimo
1218 3987 1310 4061 qua..

336 4077 423 4154 Turne
454 4068 504 4146 Χ.
746 4119 751 4128 -
805 4067 830 4142 s
883 4086 885 4091 '
1097 4068 1255 4171 dragefi.
