3125 4934
346 500 417 583 186
673 494 947 561 m

297 690 438 768 curiam
465 682 613 762 nomine
641 680 706 759 suo
737 686 938 782 prelibatos
968 686 1137 791 redditus
1173 696 1314 787 quotuor

295 796 528 876 marcharum
546 790 768 891 eonjunilim
789 792 826 869 tir
840 796 878 872 iu
898 810 977 872 toto
992 818 1062 893 pro
1080 796 1307 901 quinquagin

291 927 330 991 ta
348 910 408 989 sex
434 910 566 987 mareis
582 908 781 987 Bremensss
806 912 951 1013 argenti
973 912 1202 1009 &ponderis
1226 910 1307 991 Min

292 1022 407 1101 densis
424 1039 489 1099 ant
505 1020 647 1098 divifim
673 1019 830 1121 singrrbs
847 1022 1014 1100 marchas
1033 1022 1221 1102 dielorum
1243 1022 1309 1101 teir
1335 1026 1337 1031 ’

294 1144 437 1219 (lituum
463 1158 533 1235 pro
560 1136 837 1235 quatuordeeim
858 1136 991 1214 mareis
1008 1136 1097 1213 dimi
1113 1138 1261 1239 argenti
1282 1132 1314 1243 Qx

292 1251 465 1355 ponderis
489 1250 525 1325 in
549 1264 678 1345 parato
700 1246 737 1321 tle
757 1263 931 1346 prompto
955 1250 1182 1346 exponendis
1203 1270 1308 1347 apra

291 1362 391 1442 dieto
402 1361 561 1438 cantore
578 1354 639 1432 seu
655 1354 847 1452 provisore
861 1354 1019 1435 adusum
1034 1356 1201 1455 ipsorum
1212 1357 1309 1435 Scho-

289 1477 424 1554 larium
450 1470 758 1550 dormitorialium
779 1472 967 1549 reemendi
989 1469 1145 1547 liberam
1158 1470 1312 1553 babebit

289 1593 515 1672 facultatem.
566 1590 607 1667 ln
623 1590 960 1687 quorumomnium
975 1588 1225 1667 testimonium
1239 1608 1309 1687 pre·

287 1706 403 1787 sentes
420 1706 558 1781 litteras
575 1702 637 1781 seu
661 1699 805 1801 presens
825 1702 1014 1799 publicum
1038 1694 1328 1781 instrumentum

285 1840 355 1922 per
373 1816 756 1908 Jobanoemnotarium
770 1816 960 1914 publicum
972 1812 1220 1913 subscriptum
1234 1814 1310 1895 sub·

284 1948 395 2029 scribi
420 1946 652 2047 &publicari
672 1944 1149 2048 rogavimustiesrgrllorum
1172 1949 1306 2027 nostro·

289 2090 374 2147 rum
398 2062 551 2141 fecimus
586 2058 804 2160 appensione
830 2061 1059 2138 communiri.
1109 2060 1307 2141 Amano

284 2171 423 2259 Datum
448 2176 623 2253 rilindem
641 2173 743 2251 curia
757 2173 996 2251 habitacionis
1010 2174 1239 2253 honorabilis
1257 2177 1310 2253 vi·

281 2303 318 2381 ri
336 2296 486 2378 Domini
510 2290 686 2380 Jobonois
713 2293 756 2364 de
771 2287 972 2387 Hoynborcb
990 2289 1177 2370 scolastici
1197 2292 1306 2369 eccle·

283 2420 333 2501 ne
349 2408 548 2494 Mindensts
571 2429 666 2484 anno
689 2428 711 2484 a
733 2406 924 2483 nativitate
940 2406 1091 2484 Domini
1111 2398 1308 2486 Millefimo

282 2526 527 2609 tricentelimo
550 2518 813 2620 septuagefimo
830 2514 1005 2615 secundo,
1030 2518 1232 2599 indiiiione
1249 2525 1306 2597 de·

282 2652 378 2730 eima
394 2643 522 2724 mensis
541 2637 751 2716 novembris
774 2638 988 2715 diedecima
1010 2664 1105 2716 nona
1125 2642 1221 2718 hora
1244 2663 1303 2717 ve·

276 2768 469 2871 sperarum
488 2762 547 2837 vel
565 2754 662 2858 quasi
679 2755 908 2834 Pontificatus
930 2755 1135 2833 sanniffimi
1151 2760 1188 2835 in
1206 2759 1304 2837 Chri·

277 2886 331 2963 lto
347 2877 460 2957 Patris
478 2868 676 2978 &Domini
688 2868 800 2942 nostri
817 2865 890 2944 Dlii
909 2868 1068 2963 Gregorij
1077 2868 1203 2945 divina
1219 2892 1301 2968 pra-

234 3026 236 3033 ·
276 2993 441 3072 videntia
466 2990 562 3092 Papa
587 2982 756 3060 undecimi
779 3004 874 3059 anno
899 2980 1053 3057 secundo
1078 2982 1300 3079 presentibus

275 3103 554 3189 honorabilibus
571 3093 776 3175 &diseretis
791 3096 881 3172 viris
890 3096 982 3172 Dliis
1000 3098 1158 3196 Ecbardo
1174 3103 1296 3176 Olden-

275 3232 380 3324 dorpp
406 3216 588 3317 Prepofito
617 3213 784 3301 Jobanne'
805 3214 847 3285 de
871 3211 1073 3307 Haynborcb
1109 3211 1298 3295 Scolastico

271 3341 450 3425 rouberto
469 3330 609 3432 Weslfal
628 3330 790 3404 Cantore
803 3326 953 3424 Ludolfo
975 3329 1016 3400 de
1032 3329 1146 3403 Home
1164 3333 1295 3437 Prepq.

156 3494 158 3499 ·
270 3460 339 3538 fito
356 3451 465 3531 santii
491 3445 646 3523 Martini
667 3444 841 3518 Gberordo
857 3444 898 3516 de
911 3442 1029 3518 Monte
1043 3444 1295 3548 Archidyaco·

269 3600 319 3657 no
343 3575 379 3649 in
404 3565 489 3665 Osen
504 3560 693 3640 canonicis
711 3560 867 3636 Ecclesia
889 3559 1087 3660 Mindenfis
1104 3564 1296 3644 Borrbardo

269 3690 312 3762 de
332 3678 676 3759 Helbele'Hermanno
692 3676 734 3747 cle
750 3670 933 3767 Segelborft
951 3675 1126 3769 Raronoro
1151 3678 1293 3776 Wayge.

263 3804 383 3893 wind,
399 3796 558 3883 Jobanoe
571 3792 730 3866 Kemerer
746 3790 932 3885 perpetuis
949 3787 1093 3887 vicarijs
1114 3791 1151 3867 in
1166 3797 1292 3871 eadem

263 3907 446 3995 Mindensr
487 3902 632 3980 eeclesia
667 3903 858 3975 Hernranno
893 3900 1099 3992 menningo
1141 3908 1295 3982 Conrado

271 4021 487 4118 WeJirenoelr
514 4014 653 4089 clericis
681 4014 845 4086 liicielnlo
870 4014 1084 4110 Oldmdorpp
1097 4014 1295 4111 Oppidauo
1342 4048 1345 4055 ·

262 4136 302 4214 in
323 4135 490 4228 Gor-ingen
515 4129 675 4225 [raynero
696 4126 797 4215 Petri
820 4127 1031 4204 Cornerario
1044 4126 1294 4211 Dominarum

678 4264 680 4268 ·
1197 4247 1245 4324 de
