3125 4934
325 444 397 531 ηδ
674 438 955 506 *ΜΛ

274 632 451 713 adhibere
472 630 741 710 ordinantes&
770 628 1008 707 inviolabiter
1041 627 1234 711 statuentes
1264 643 1306 712 ut

148 813 151 819 .
276 738 506 828 Camerarius
530 744 651 826 noster
677 746 741 844 qui
769 766 865 821 nunc
888 744 939 822 est
968 742 1003 818 tlt
1031 766 1100 842 pro
1132 762 1300 847 tempora

275 866 387 947 fuerit
408 868 544 946 habens
568 867 604 943 oi
625 878 750 943 tenens
773 866 914 941 clavem
937 864 984 939 ad
1011 860 1301 947 mtettorionia
1337 930 1339 937 .

271 1007 450 1063 annonam
460 984 616 1061 nostram
629 980 886 1081 prebendalein
899 992 964 1054 aut
972 981 1195 1081 quicumque
1209 982 1298 1061 alius

271 1088 1301 1197 pernosadliocprotemporedeputandussmgulismem

271 1210 366 1289 fibus
377 1212 546 1287 uidelicet
555 1213 600 1287 de
610 1224 766 1323 quatuor
780 1205 985 1303 septimanis
994 1209 1041 1283 ad
1056 1207 1302 1309 quatuorstp·

213 1358 217 1367 ·
272 1324 425 1405 tinianas
441 1339 580 1400 tantuin
601 1314 646 1397 de
665 1312 917 1395 dittaaniiona
938 1318 1059 1396 nostra
1083 1314 1299 1418 prebendati

272 1456 346 1515 tam
364 1440 408 1515 de
423 1436 546 1539 tritico
572 1435 741 1533 quamde
761 1432 900 1535 siligine
916 1432 1043 1528 pistori
1062 1435 1210 1531 nostro,
1233 1435 1298 1535 qui

181 1624 184 1631 .
270 1551 409 1629 uiuum
425 1570 555 1648 paoem
574 1546 735 1623 nostrum
752 1545 1012 1644 prebendaleoi
1030 1568 1125 1623 nunc
1140 1544 1300 1645 pluat&

271 1668 419 1766 pillabit
434 1686 504 1767 pro
520 1680 686 1762 tempore
707 1666 827 1739 madar
843 1659 1038 1763 salugnet
1047 1679 1222 1761 quantum
1232 1686 1299 1764 per

269 1779 430 1861 inensem
451 1779 526 1855 sive
549 1799 616 1877 per
631 1796 789 1875 quatuor
811 1773 1025 1873 septimanas
1054 1776 1120 1855 fibi
1146 1776 1322 1859 sufficiat·

268 1914 345 1977 tam
360 1918 429 1994 pro
448 1891 580 1995 majori
604 1893 639 1969 st
661 1891 794 1969 mitiori
809 1892 892 1967 albo
907 1894 1001 1990 pane
1016 1915 1123 1991 quani
1143 1886 1214 1993 pro
1234 1922 1298 1997 pa-

267 2041 315 2098 ne
334 2012 480 2118 gracilis
508 2006 677 2113 &grosse
697 2008 845 2111 siliginis
867 2005 1098 2105 supradicto,
1123 2034 1170 2090 ne
1200 2014 1299 2093 idem

268 2126 383 2226 pistor
398 2138 551 2222 propter
564 2123 651 2224 gelu
667 2120 821 2198 nimium
840 2120 1103 2200 vellitcitatem
1116 2148 1299 2226 aquarum

267 2257 335 2324 aut
352 2238 652 2338 impedimentum
668 2238 768 2314 aliud
783 2238 967 2314 interdum
982 2239 1020 2315 in
1040 2241 1212 2321 molendo
1233 2245 1297 2323 de.
1339 2290 1342 2295 ,

268 2365 483 2445 trimentunt
510 2356 658 2455 aliquod
672 2355 839 2454 patiatur
863 2356 898 2434 ἃ
923 2353 959 2433 se
984 2375 1139 2457 propter
1165 2361 1239 2440 hoc
1264 2356 1299 2441 'li

268 2501 401 2585 panem
424 2473 633 2571 huiusmodi
650 2473 779 2567 debitis
800 2473 1027 2574 temporibus
1044 2498 1116 2553 non
1139 2479 1296 2576 pistave-

265 2592 320 2673 rit
341 2593 462 2668 valeat
485 2584 678 2681 excusare,
706 2587 804 2663 idem
828 2607 918 2663 vero
937 2587 1050 2686 pillos
1071 2588 1210 2668 uitium
1235 2614 1298 2690 pa·

264 2726 353 2782 nem
370 2711 551 2778 recentem
568 2694 713 2792 pistabit
728 2694 764 2771 st
778 2695 896 2772 tribus
918 2696 1044 2775 diebus
1069 2698 1107 2774 iii
1134 2701 1299 2798 qualibet

268 2815 531 2919 septimanam
551 2810 788 2890 refesiorium
807 2814 968 2892 nostrum
994 2815 1060 2891 ubi
1086 2816 1309 2915 hujusmodi

267 2930 371 3031 panis
382 2921 585 3002 distributio
601 2920 681 2998 lieri
696 2919 787 3013 solet
802 2921 837 2997 st
852 2920 1040 3001 consuevit
1050 2943 1133 3002 ante
1148 2926 1295 3023 pulsum

216 3088 225 3099 -
269 3044 475 3144 primarum
497 3036 535 3114 in
561 3033 717 3112 Ecclesia
742 3035 865 3111 nostra
883 3034 1062 3115 Mindenfi
1086 3020 1299 3137 apportabit

152 3192 161 3203 ‘
267 3155 440 3234 videlicet
454 3149 616 3250 qualibet
642 3147 735 3225 seria
761 3147 874 3225 tercia
889 3150 1069 3228 minorem
1091 3153 1218 3232 albuni
1234 3178 1298 3254 pa.

194 3352 204 3360 ,
263 3300 347 3353 neni
364 3273 399 3350 si
415 3270 576 3371 qualibet
592 3266 823 3366 quintaferia
838 3290 969 3367 panem
979 3271 1125 3373 gracilis
1146 3273 1296 3377 siliginis

265 3394 304 3471 iia
339 3389 502 3488 qualibet
529 3387 587 3463 die
617 3383 810 3463 Domioita
831 3408 963 3484 panem
994 3385 1113 3464 Grolii
1147 3387 1299 3495 siliginis

268 3518 358 3598 cum'
374 3513 505 3611 majori
522 3512 613 3589 albo
631 3531 728 3607 pane
743 3530 814 3605 pro
831 3518 908 3588 tota
932 3513 993 3588 illa
1011 3509 1226 3611 septimana,
1249 3519 1302 3598 ita

245 3624 365 3719 ¹quod
392 3623 436 3696 de
464 3616 562 3696 uitia
585 3616 784 3718 septimana
806 3621 850 3695 de
868 3621 1035 3721 preditlo
1062 3645 1155 3720 pane
1184 3626 1300 3711 nichil

263 3756 474 3833 remaneat,
499 3735 560 3812 sed
575 3738 611 3814 iu
629 3739 732 3818 disiis
749 3740 867 3817 tribus
895 3739 1022 3819 die‘bus
1039 3744 1202 3841 quelibet
1217 3746 1302 3849 sep'.

264 3856 401 3931 tiniaiia
416 3856 576 3929 totaliter
591 3856 824 3950 compleatur
840 3876 906 3952 per
918 3858 1138 3959 camerarios
1156 3862 1300 3958 nostros

263 3970 408 4048 &alios
430 3968 607 4048 officiatos
635 3970 672 4047 iii
693 3968 874 4068 principio
904 3971 1061 4066 proditu
1079 3970 1204 4071 pulsus
1223 3980 1304 4075 pri·

1168 4129 1249 4187 ma·
