<?xml version="1.0" encoding="UTF-8"?>
<!DOCTYPE html PUBLIC "-//W3C//DTD XHTML 1.0 Transitional//EN"
    "http://www.w3.org/TR/xhtml1/DTD/xhtml1-transitional.dtd">
<html xmlns="http://www.w3.org/1999/xhtml" xml:lang="en" lang="en">
 <head>
  <title>
</title>
<meta http-equiv="Content-Type" content="text/html;charset=utf-8" />
  <meta name='ocr-system' content='tesseract 3.04.00' />
  <meta name='ocr-capabilities' content='ocr_page ocr_carea ocr_par ocr_line ocrx_word'/>
</head>
<body>
  <div class='ocr_page' id='page_1' title='image "./subsidiadiploma03wrgoog_0202.png"; bbox 0 0 3125 4934; ppageno 0'>
   <div class='ocr_carea' id='block_1_1' title="bbox 313 456 1063 565">
    <p class='ocr_par' dir='ltr' id='par_1_1' title="bbox 313 456 1063 565">
     <span class='ocr_line' id='line_1_1' title="bbox 313 456 1063 565; baseline 0.005 -45"><span class='ocrx_word' id='word_1_1' title='bbox 313 464 384 535; x_wconf 74' lang='lat'><strong>1-32</strong></span> <span class='ocrx_word' id='word_1_2' title='bbox 630 456 918 519; x_wconf 53' lang='grc' dir='ltr'><strong>ΕΜΔ·</strong></span> <span class='ocrx_word' id='word_1_3' title='bbox 1058 552 1063 565; x_wconf 58' lang='lat'>„</span> 
     </span>
    </p>
   </div>
   <div class='ocr_carea' id='block_1_2' title="bbox 263 578 1321 855">
    <p class='ocr_par' dir='ltr' id='par_1_2' title="bbox 263 578 1321 855">
     <span class='ocr_line' id='line_1_2' title="bbox 264 578 1321 747; baseline 0.012 -34"><span class='ocrx_word' id='word_1_4' title='bbox 264 638 470 742; x_wconf 80' lang='lat' dir='ltr'><strong>nngeumo·</strong></span> <span class='ocrx_word' id='word_1_5' title='bbox 478 637 634 719; x_wconf 83' lang='lat' dir='ltr'><strong>secundo</strong></span> <span class='ocrx_word' id='word_1_6' title='bbox 660 640 699 719; x_wconf 91' lang='lat' dir='ltr'><strong>in</strong></span> <span class='ocrx_word' id='word_1_7' title='bbox 721 640 882 740; x_wconf 80' lang='lat' dir='ltr'><strong>profesto</strong></span> <span class='ocrx_word' id='word_1_8' title='bbox 906 641 1005 729; x_wconf 84' lang='lat' dir='ltr'><strong>beati</strong></span> <span class='ocrx_word' id='word_1_9' title='bbox 1022 646 1178 725; x_wconf 78' lang='lat' dir='ltr'><strong>Matrini</strong></span> <span class='ocrx_word' id='word_1_10' title='bbox 1193 578 1321 747; x_wconf 22' lang='lat' dir='ltr'><strong>Epis-¹</strong></span> 
     </span>
     <span class='ocr_line' id='line_1_3' title="bbox 263 755 1112 855; baseline 0.002 -23"><span class='ocrx_word' id='word_1_11' title='bbox 263 755 359 851; x_wconf 87' lang='lat' dir='ltr'><strong>copi.</strong></span> <span class='ocrx_word' id='word_1_12' title='bbox 422 758 441 855; x_wconf 96' lang='lat'><strong>(</strong></span> <span class='ocrx_word' id='word_1_13' title='bbox 457 774 512 835; x_wconf 89' lang='lat' dir='ltr'><strong>ro.</strong></span> <span class='ocrx_word' id='word_1_14' title='bbox 537 761 647 852; x_wconf 80' lang='lat' dir='ltr'><strong>Non.)</strong></span> <span class='ocrx_word' id='word_1_15' title='bbox 1109 781 1112 793; x_wconf 94' lang='lat'><em>·</em></span> 
     </span>
    </p>
   </div>
   <div class='ocr_carea' id='block_1_3' title="bbox 267 1310 1295 1403">
    <p class='ocr_par' dir='ltr' id='par_1_3' title="bbox 267 1310 1295 1403">
     <span class='ocr_line' id='line_1_4' title="bbox 267 1310 1295 1403; baseline 0 0"><span class='ocrx_word' id='word_1_16' title='bbox 267 1310 443 1403; x_wconf 88' lang='lat' dir='ltr'>SUPER</span> <span class='ocrx_word' id='word_1_17' title='bbox 470 1310 758 1400; x_wconf 77' lang='lat' dir='ltr'>ECCLE&#39;SIA</span> <span class='ocrx_word' id='word_1_18' title='bbox 786 1311 850 1400; x_wconf 85' lang='grc' dir='ltr'><strong>ΙΝ</strong></span> <span class='ocrx_word' id='word_1_19' title='bbox 892 1310 1163 1403; x_wconf 83' lang='lat' dir='ltr'><strong>HULSEDE</strong></span> <span class='ocrx_word' id='word_1_20' title='bbox 1208 1310 1295 1403; x_wconf 83' lang='lat' dir='ltr'><strong>IN·</strong></span> 
     </span>
    </p>
   </div>
   <div class='ocr_carea' id='block_1_4' title="bbox 314 1440 1248 1635">
    <p class='ocr_par' dir='ltr' id='par_1_4' title="bbox 314 1440 1248 1635">
     <span class='ocr_line' id='line_1_5' title="bbox 314 1440 1248 1635; baseline -0.003 -111"><span class='ocrx_word' id='word_1_21' title='bbox 314 1440 627 1524; x_wconf 84' lang='lat' dir='ltr'>CORPORATA</span> <span class='ocrx_word' id='word_1_22' title='bbox 659 1442 997 1635; x_wconf 47' lang='lat' dir='ltr'><strong>dgssgfflsfflilo</strong></span> <span class='ocrx_word' id='word_1_23' title='bbox 1036 1446 1090 1523; x_wconf 79' lang='grc' dir='ltr'><strong>ΙΝ</strong></span> <span class='ocrx_word' id='word_1_24' title='bbox 1133 1443 1248 1521; x_wconf 75' lang='lat' dir='ltr'>EGE-</span> 
     </span>
    </p>
   </div>
   <div class='ocr_carea' id='block_1_5' title="bbox 195 1719 1330 4345">
    <p class='ocr_par' dir='ltr' id='par_1_5' title="bbox 303 1719 1291 1823">
     <span class='ocr_line' id='line_1_6' title="bbox 303 1719 1291 1823; baseline -0.004 -21"><span class='ocrx_word' id='word_1_25' title='bbox 303 1720 488 1802; x_wconf 89' lang='lat' dir='ltr'><strong>nnomiue</strong></span> <span class='ocrx_word' id='word_1_26' title='bbox 505 1719 655 1798; x_wconf 80' lang='lat' dir='ltr'><strong>Domini</strong></span> <span class='ocrx_word' id='word_1_27' title='bbox 669 1720 804 1799; x_wconf 84' lang='lat' dir='ltr'><strong>Arnen.</strong></span> <span class='ocrx_word' id='word_1_28' title='bbox 855 1722 1054 1800; x_wconf 80' lang='lat' dir='ltr'><strong>Lodewicus</strong></span> <span class='ocrx_word' id='word_1_29' title='bbox 1078 1724 1147 1800; x_wconf 82' lang='lat' dir='ltr'><strong>Dei</strong></span> <span class='ocrx_word' id='word_1_30' title='bbox 1167 1721 1291 1823; x_wconf 75' lang='lat' dir='ltr'><strong>grstia</strong></span> 
     </span>
    </p>

    <p class='ocr_par' dir='ltr' id='par_1_6' title="bbox 195 1824 1330 4251">
     <span class='ocr_line' id='line_1_7' title="bbox 327 1824 1293 1944; baseline 0 -23"><span class='ocrx_word' id='word_1_31' title='bbox 327 1842 525 1921; x_wconf 82' lang='lat' dir='ltr'><strong>Mindeufis</strong></span> <span class='ocrx_word' id='word_1_32' title='bbox 542 1842 697 1922; x_wconf 80' lang='lat' dir='ltr'><strong>Ecclefie</strong></span> <span class='ocrx_word' id='word_1_33' title='bbox 724 1843 921 1944; x_wconf 82' lang='lat' dir='ltr'><strong>Episcopus</strong></span> <span class='ocrx_word' id='word_1_34' title='bbox 946 1846 1113 1922; x_wconf 85' lang='lat' dir='ltr'><strong>omnibus</strong></span> <span class='ocrx_word' id='word_1_35' title='bbox 1138 1824 1293 1943; x_wconf 62' lang='lat' dir='ltr'><strong>presen-</strong></span> 
     </span>
     <span class='ocr_line' id='line_1_8' title="bbox 263 1952 1294 2052; baseline -0.005 -15"><span class='ocrx_word' id='word_1_36' title='bbox 263 1958 326 2038; x_wconf 76' lang='lat' dir='ltr'><strong>eia,</strong></span> <span class='ocrx_word' id='word_1_37' title='bbox 335 1952 465 2032; x_wconf 79' lang='lat' dir='ltr'><strong>visuris</strong></span> <span class='ocrx_word' id='word_1_38' title='bbox 479 1952 541 2033; x_wconf 90' lang='lat' dir='ltr'><strong>seu</strong></span> <span class='ocrx_word' id='word_1_39' title='bbox 551 1955 735 2045; x_wconf 77' lang='lat' dir='ltr'><strong>audituris</strong></span> <span class='ocrx_word' id='word_1_40' title='bbox 753 1955 905 2033; x_wconf 81' lang='lat' dir='ltr'><strong>salutent</strong></span> <span class='ocrx_word' id='word_1_41' title='bbox 923 1957 961 2033; x_wconf 91' lang='lat' dir='ltr'><strong>in</strong></span> <span class='ocrx_word' id='word_1_42' title='bbox 976 1956 1136 2033; x_wconf 85' lang='lat' dir='ltr'><strong>Domino</strong></span> <span class='ocrx_word' id='word_1_43' title='bbox 1157 1956 1294 2052; x_wconf 87' lang='lat' dir='ltr'><strong>sempi-</strong></span> 
     </span>
     <span class='ocr_line' id='line_1_9' title="bbox 265 2068 1292 2173; baseline -0.001 -24"><span class='ocrx_word' id='word_1_44' title='bbox 265 2089 420 2150; x_wconf 87' lang='lat' dir='ltr'><strong>ternam.</strong></span> <span class='ocrx_word' id='word_1_45' title='bbox 483 2068 608 2161; x_wconf 74' lang='lat' dir='ltr'><strong>&#39;Officii</strong></span> <span class='ocrx_word' id='word_1_46' title='bbox 623 2070 736 2147; x_wconf 87' lang='lat' dir='ltr'><strong>nostri</strong></span> <span class='ocrx_word' id='word_1_47' title='bbox 760 2069 923 2147; x_wconf 81' lang='lat' dir='ltr'><strong>debitunt</strong></span> <span class='ocrx_word' id='word_1_48' title='bbox 942 2072 1075 2173; x_wconf 84' lang='lat' dir='ltr'><strong>exigit,</strong></span> <span class='ocrx_word' id='word_1_49' title='bbox 1098 2088 1143 2147; x_wconf 93' lang='lat' dir='ltr'><strong>ut</strong></span> <span class='ocrx_word' id='word_1_50' title='bbox 1166 2069 1292 2148; x_wconf 89' lang='lat' dir='ltr'><strong>subdi·</strong></span> 
     </span>
     <span class='ocr_line' id='line_1_10' title="bbox 264 2188 1292 2292; baseline -0.001 -24"><span class='ocrx_word' id='word_1_51' title='bbox 264 2207 389 2268; x_wconf 88' lang='lat' dir='ltr'><strong>torutn</strong></span> <span class='ocrx_word' id='word_1_52' title='bbox 404 2188 611 2277; x_wconf 80' lang='lat' dir='ltr'><strong>nostrorum</strong></span> <span class='ocrx_word' id='word_1_53' title='bbox 626 2191 825 2265; x_wconf 80' lang='lat' dir='ltr'><strong>¹commodo</strong></span> <span class='ocrx_word' id='word_1_54' title='bbox 854 2188 1086 2287; x_wconf 64' lang='lat' dir='ltr'><strong>&amp;proferunt</strong></span> <span class='ocrx_word' id='word_1_55' title='bbox 1101 2190 1179 2292; x_wconf 83' lang='lat' dir='ltr'><strong>jugi</strong></span> <span class='ocrx_word' id='word_1_56' title='bbox 1202 2191 1292 2269; x_wconf 84' lang='lat' dir='ltr'><strong>soli·</strong></span> 
     </span>
     <span class='ocr_line' id='line_1_11' title="bbox 265 2301 1307 2399; baseline 0.001 -17"><span class='ocrx_word' id='word_1_57' title='bbox 265 2303 433 2383; x_wconf 73' lang='lat' dir='ltr'><strong>citudinis</strong></span> <span class='ocrx_word' id='word_1_58' title='bbox 455 2302 572 2379; x_wconf 81' lang='lat' dir='ltr'><strong>studio</strong></span> <span class='ocrx_word' id='word_1_59' title='bbox 592 2301 845 2394; x_wconf 75' lang='lat' dir='ltr'><strong>intendamus,</strong></span> <span class='ocrx_word' id='word_1_60' title='bbox 875 2301 958 2379; x_wconf 85' lang='lat' dir='ltr'><strong>sane</strong></span> <span class='ocrx_word' id='word_1_61' title='bbox 977 2326 1060 2381; x_wconf 86' lang='lat' dir='ltr'><strong>curn</strong></span> <span class='ocrx_word' id='word_1_62' title='bbox 1085 2304 1307 2399; x_wconf 75' lang='lat' dir='ltr'><strong>h·onorabi-.</strong></span> 
     </span>
     <span class='ocr_line' id='line_1_12' title="bbox 265 2411 1292 2511; baseline 0.002 -15"><span class='ocrx_word' id='word_1_63' title='bbox 265 2419 309 2496; x_wconf 86' lang='lat' dir='ltr'><strong>lis</strong></span> <span class='ocrx_word' id='word_1_64' title='bbox 330 2414 391 2490; x_wconf 90' lang='lat' dir='ltr'><strong>vir</strong></span> <span class='ocrx_word' id='word_1_65' title='bbox 404 2414 621 2489; x_wconf 77' lang='lat' dir='ltr'><strong>Bncnarnas</strong></span> <span class='ocrx_word' id='word_1_66' title='bbox 641 2411 758 2489; x_wconf 74' lang='lat' dir='ltr'><strong>didius</strong></span> <span class='ocrx_word' id='word_1_67' title='bbox 778 2412 881 2511; x_wconf 79' lang='lat' dir='ltr'><strong>Posti</strong></span> <span class='ocrx_word' id='word_1_68' title='bbox 906 2412 1107 2511; x_wconf 72' lang='lat' dir='ltr'><strong>Propositus</strong></span> <span class='ocrx_word' id='word_1_69' title='bbox 1133 2414 1292 2499; x_wconf 74' lang='lat' dir='ltr'><strong>rectene</strong></span> 
     </span>
     <span class='ocr_line' id='line_1_13' title="bbox 267 2525 1291 2621; baseline 0.002 -16"><span class='ocrx_word' id='word_1_70' title='bbox 267 2528 302 2605; x_wconf 85' lang='lat' dir='ltr'><strong>S.</strong></span> <span class='ocrx_word' id='word_1_71' title='bbox 319 2528 474 2606; x_wconf 75' lang='lat' dir='ltr'><strong>Martini</strong></span> <span class='ocrx_word' id='word_1_72' title='bbox 492 2525 689 2606; x_wconf 84' lang='lat' dir='ltr'><strong>Mindenfis</strong></span> <span class='ocrx_word' id='word_1_73' title='bbox 705 2530 824 2605; x_wconf 83' lang='lat' dir='ltr'><strong>nostre</strong></span> <span class='ocrx_word' id='word_1_74' title='bbox 843 2527 999 2605; x_wconf 79' lang='lat' dir='ltr'><strong>Ecclefie</strong></span> <span class='ocrx_word' id='word_1_75' title='bbox 1018 2530 1220 2606; x_wconf 88' lang='lat' dir='ltr'><strong>Canonicus</strong></span> <span class='ocrx_word' id='word_1_76' title='bbox 1235 2526 1291 2621; x_wconf 85' lang='lat' dir='ltr'><strong>st-</strong></span> 
     </span>
     <span class='ocr_line' id='line_1_14' title="bbox 226 2643 1289 2751; baseline 0.005 -30"><span class='ocrx_word' id='word_1_77' title='bbox 226 2664 229 2671; x_wconf 86' lang='lat'>·</span> <span class='ocrx_word' id='word_1_78' title='bbox 265 2647 335 2721; x_wconf 87' lang='lat' dir='ltr'><strong>iuti</strong></span> <span class='ocrx_word' id='word_1_79' title='bbox 356 2649 476 2724; x_wconf 86' lang='lat' dir='ltr'><strong>anime</strong></span> <span class='ocrx_word' id='word_1_80' title='bbox 489 2643 553 2721; x_wconf 81' lang='lat' dir='ltr'><strong>&#39;sue</strong></span> <span class='ocrx_word' id='word_1_81' title='bbox 571 2649 704 2744; x_wconf 81' lang='lat' dir='ltr'><strong>quoad</strong></span> <span class='ocrx_word' id='word_1_82' title='bbox 724 2648 854 2747; x_wconf 84' lang='lat' dir='ltr'><strong>stuturn</strong></span> <span class='ocrx_word' id='word_1_83' title='bbox 877 2647 953 2722; x_wconf 87' lang='lat' dir='ltr'><strong>vite</strong></span> <span class='ocrx_word' id='word_1_84' title='bbox 972 2645 1096 2723; x_wconf 86' lang='lat' dir='ltr'><strong>future</strong></span> <span class='ocrx_word' id='word_1_85' title='bbox 1111 2645 1289 2751; x_wconf 70' lang='lat' dir='ltr'><strong>sagaciter</strong></span> 
     </span>
     <span class='ocr_line' id='line_1_15' title="bbox 265 2762 1290 2860; baseline 0.003 -20"><span class='ocrx_word' id='word_1_86' title='bbox 265 2765 464 2860; x_wconf 82' lang='lat' dir='ltr'><strong>providere</strong></span> <span class='ocrx_word' id='word_1_87' title='bbox 485 2762 686 2842; x_wconf 71' lang='lat' dir='ltr'><strong>desiderans</strong></span> <span class='ocrx_word' id='word_1_88' title='bbox 712 2762 930 2841; x_wconf 72' lang='lat' dir='ltr'><strong>dilediarunr</strong></span> <span class='ocrx_word' id='word_1_89' title='bbox 955 2764 993 2839; x_wconf 90' lang='lat' dir='ltr'><strong>in</strong></span> <span class='ocrx_word' id='word_1_90' title='bbox 1020 2764 1163 2841; x_wconf 82' lang='lat' dir='ltr'><strong>Christo</strong></span> <span class='ocrx_word' id='word_1_91' title='bbox 1193 2765 1290 2843; x_wconf 84' lang='lat' dir='ltr'><strong>filia·</strong></span> 
     </span>
     <span class='ocr_line' id='line_1_16' title="bbox 265 2866 1289 2972; baseline 0.003 -18"><span class='ocrx_word' id='word_1_92' title='bbox 265 2901 349 2954; x_wconf 79' lang='lat' dir='ltr'><strong>runt</strong></span> <span class='ocrx_word' id='word_1_93' title='bbox 377 2874 544 2962; x_wconf 83' lang='lat' dir='ltr'><strong>Priorisse</strong></span> <span class='ocrx_word' id='word_1_94' title='bbox 572 2877 841 2954; x_wconf 74' lang='lat' dir='ltr'><strong>&amp;Conventus</strong></span> <span class='ocrx_word' id='word_1_95' title='bbox 873 2866 1020 2953; x_wconf 84' lang='lat' dir='ltr'><strong>novelie</strong></span> <span class='ocrx_word' id='word_1_96' title='bbox 1049 2878 1289 2972; x_wconf 79' lang='lat' dir='ltr'><strong>plantationis</strong></span> 
     </span>
     <span class='ocr_line' id='line_1_17' title="bbox 265 2990 1288 3090; baseline 0.002 -19"><span class='ocrx_word' id='word_1_97' title='bbox 265 2992 468 3089; x_wconf 82' lang='lat' dir='ltr'><strong>nronasterij</strong></span> <span class='ocrx_word' id='word_1_98' title='bbox 499 2992 832 3069; x_wconf 69' lang='lat' dir='ltr'><strong>sanctimonialium</strong></span> <span class='ocrx_word' id='word_1_99' title='bbox 863 2992 900 3068; x_wconf 92' lang='lat' dir='ltr'><strong>in</strong></span> <span class='ocrx_word' id='word_1_100' title='bbox 923 2990 1118 3090; x_wconf 71' lang='lat' dir='ltr'><strong>Erguftorpc</strong></span> <span class='ocrx_word' id='word_1_101' title='bbox 1150 2994 1288 3073; x_wconf 82' lang='lat' dir='ltr'><strong>ordinis</strong></span> 
     </span>
     <span class='ocr_line' id='line_1_18' title="bbox 263 3108 1288 3206; baseline -0.01 -15"><span class='ocrx_word' id='word_1_102' title='bbox 263 3113 375 3192; x_wconf 69' lang='lat' dir='ltr'><strong>sancti</strong></span> <span class='ocrx_word' id='word_1_103' title='bbox 385 3108 557 3188; x_wconf 76' lang='lat' dir='ltr'><strong>Beneditii</strong></span> <span class='ocrx_word' id='word_1_104' title='bbox 569 3110 688 3186; x_wconf 88' lang='lat' dir='ltr'><strong>nostre</strong></span> <span class='ocrx_word' id='word_1_105' title='bbox 704 3108 816 3184; x_wconf 85' lang='lat' dir='ltr'><strong>Dioc:</strong></span> <span class='ocrx_word' id='word_1_106' title='bbox 841 3108 965 3205; x_wconf 82' lang='lat' dir='ltr'><strong>¹inopie</strong></span> <span class='ocrx_word' id='word_1_107' title='bbox 982 3109 1184 3206; x_wconf 76' lang='lat' dir='ltr'><strong>&amp;penurie</strong></span> <span class='ocrx_word' id='word_1_108' title='bbox 1200 3134 1288 3189; x_wconf 87' lang='lat' dir='ltr'><strong>ocu.</strong></span> 
     </span>
     <span class='ocr_line' id='line_1_19' title="bbox 266 3216 1289 3319; baseline 0.002 -21"><span class='ocrx_word' id='word_1_109' title='bbox 266 3223 303 3298; x_wconf 91' lang='lat' dir='ltr'><strong>lo</strong></span> <span class='ocrx_word' id='word_1_110' title='bbox 328 3220 577 3318; x_wconf 77' lang='lat' dir='ltr'><strong>compassionis</strong></span> <span class='ocrx_word' id='word_1_111' title='bbox 604 3216 894 3295; x_wconf 81' lang='lat' dir='ltr'><strong>condescendens</strong></span> <span class='ocrx_word' id='word_1_112' title='bbox 923 3220 1157 3319; x_wconf 88' lang='lat' dir='ltr'><strong>inquantum</strong></span> <span class='ocrx_word' id='word_1_113' title='bbox 1182 3224 1219 3300; x_wconf 90' lang='lat' dir='ltr'><strong>iu</strong></span> <span class='ocrx_word' id='word_1_114' title='bbox 1244 3245 1289 3299; x_wconf 85' lang='lat' dir='ltr'><strong>eo</strong></span> 
     </span>
     <span class='ocr_line' id='line_1_20' title="bbox 265 3338 1330 3425; baseline -0.008 -5"><span class='ocrx_word' id='word_1_115' title='bbox 265 3344 315 3420; x_wconf 87' lang='lat' dir='ltr'><strong>est</strong></span> <span class='ocrx_word' id='word_1_116' title='bbox 338 3344 533 3422; x_wconf 79' lang='lat' dir='ltr'><strong>a‘sirernuis</strong></span> <span class='ocrx_word' id='word_1_117' title='bbox 565 3340 655 3415; x_wconf 84' lang='lat' dir='ltr'><strong>viris</strong></span> <span class='ocrx_word' id='word_1_118' title='bbox 680 3338 844 3425; x_wconf 71' lang='lat' dir='ltr'><strong>Jordan</strong></span> <span class='ocrx_word' id='word_1_119' title='bbox 869 3341 1061 3416; x_wconf 79' lang='lat' dir='ltr'><strong>Borcburdo</strong></span> <span class='ocrx_word' id='word_1_120' title='bbox 1085 3341 1229 3417; x_wconf 81' lang='lat' dir='ltr'><strong>Henrico</strong></span> <span class='ocrx_word' id='word_1_121' title='bbox 1252 3343 1289 3419; x_wconf 79' lang='lat' dir='ltr'><strong>dc</strong></span> <span class='ocrx_word' id='word_1_122' title='bbox 1327 3396 1330 3411; x_wconf 87' lang='lat'><em>.</em></span> 
     </span>
     <span class='ocr_line' id='line_1_21' title="bbox 267 3455 1289 3554; baseline 0.003 -21"><span class='ocrx_word' id='word_1_123' title='bbox 267 3460 426 3546; x_wconf 77' lang='lat' dir='ltr'><strong>Joianne</strong></span> <span class='ocrx_word' id='word_1_124' title='bbox 447 3461 494 3536; x_wconf 78' lang='lat' dir='ltr'><strong>&#39;de</strong></span> <span class='ocrx_word' id='word_1_125' title='bbox 516 3455 676 3552; x_wconf 68' lang='lat' dir='ltr'><strong>Heplieie</strong></span> <span class='ocrx_word' id='word_1_126' title='bbox 706 3455 852 3530; x_wconf 81' lang='lat' dir='ltr'><strong>famulis</strong></span> <span class='ocrx_word' id='word_1_127' title='bbox 871 3456 1015 3554; x_wconf 76' lang='lat' dir='ltr'><strong>patruis</strong></span> <span class='ocrx_word' id='word_1_128' title='bbox 1038 3456 1072 3534; x_wconf 79' lang='lat' dir='ltr'><strong>dt</strong></span> <span class='ocrx_word' id='word_1_129' title='bbox 1096 3460 1289 3536; x_wconf 81' lang='lat' dir='ltr'><strong>avunculis</strong></span> 
     </span>
     <span class='ocr_line' id='line_1_22' title="bbox 264 3564 1290 3665; baseline -0.002 -19"><span class='ocrx_word' id='word_1_130' title='bbox 264 3568 542 3648; x_wconf 87' lang='lat' dir='ltr'><strong>suis&#39;aceorum</strong></span> <span class='ocrx_word' id='word_1_131' title='bbox 567 3567 663 3642; x_wconf 87' lang='lat' dir='ltr'><strong>veris</strong></span> <span class='ocrx_word' id='word_1_132' title='bbox 685 3564 887 3642; x_wconf 83' lang='lat' dir='ltr'><strong>¹heredibus</strong></span> <span class='ocrx_word' id='word_1_133' title='bbox 908 3567 1121 3661; x_wconf 79' lang='lat' dir='ltr'><strong>impetravit</strong></span> <span class='ocrx_word' id='word_1_134' title='bbox 1144 3567 1200 3664; x_wconf 83' lang='lat' dir='ltr'><strong>jus</strong></span> <span class='ocrx_word' id='word_1_135' title='bbox 1221 3592 1290 3665; x_wconf 85' lang='lat' dir='ltr'><strong>pa·</strong></span> 
     </span>
     <span class='ocr_line' id='line_1_23' title="bbox 264 3682 1288 3788; baseline -0.008 -20"><span class='ocrx_word' id='word_1_136' title='bbox 264 3707 429 3785; x_wconf 87' lang='lat' dir='ltr'><strong>tronatus</strong></span> <span class='ocrx_word' id='word_1_137' title='bbox 446 3688 600 3769; x_wconf 83' lang='lat' dir='ltr'><strong>Ecclesre</strong></span> <span class='ocrx_word' id='word_1_138' title='bbox 617 3685 837 3788; x_wconf 82' lang='lat' dir='ltr'><strong>parochialis</strong></span> <span class='ocrx_word' id='word_1_139' title='bbox 854 3684 891 3761; x_wconf 91' lang='lat' dir='ltr'><strong>in</strong></span> <span class='ocrx_word' id='word_1_140' title='bbox 905 3682 1051 3781; x_wconf 70' lang='lat' dir='ltr'><strong>siuisede</strong></span> <span class='ocrx_word' id='word_1_141' title='bbox 1066 3687 1160 3762; x_wconf 77' lang='lat' dir='ltr'><strong>didie</strong></span> <span class='ocrx_word' id='word_1_142' title='bbox 1175 3682 1288 3764; x_wconf 72' lang='lat' dir='ltr'><strong>Dioc&#39;:</strong></span> 
     </span>
     <span class='ocr_line' id='line_1_24' title="bbox 264 3796 1289 3908; baseline -0.002 -24"><span class='ocrx_word' id='word_1_143' title='bbox 264 3796 377 3908; x_wconf 82' lang='lat' dir='ltr'><strong>prout</strong></span> <span class='ocrx_word' id='word_1_144' title='bbox 392 3811 440 3883; x_wconf 86' lang='lat' dir='ltr'><strong>ad</strong></span> <span class='ocrx_word' id='word_1_145' title='bbox 467 3806 559 3902; x_wconf 88' lang='lat' dir='ltr'><strong>ipsos</strong></span> <span class='ocrx_word' id='word_1_146' title='bbox 582 3802 758 3899; x_wconf 85' lang='lat' dir='ltr'><strong>pertinuit</strong></span> <span class='ocrx_word' id='word_1_147' title='bbox 781 3800 817 3872; x_wconf 77' lang='lat' dir='ltr'><strong>dc</strong></span> <span class='ocrx_word' id='word_1_148' title='bbox 840 3799 886 3873; x_wconf 89' lang='lat' dir='ltr'><strong>ab</strong></span> <span class='ocrx_word' id='word_1_149' title='bbox 914 3803 1063 3897; x_wconf 89' lang='lat' dir='ltr'><strong>antiquo</strong></span> <span class='ocrx_word' id='word_1_150' title='bbox 1088 3806 1135 3878; x_wconf 92' lang='lat' dir='ltr'><strong>ad</strong></span> <span class='ocrx_word' id='word_1_151' title='bbox 1157 3824 1289 3882; x_wconf 86' lang='lat' dir='ltr'><strong>eorum</strong></span> 
     </span>
     <span class='ocr_line' id='line_1_25' title="bbox 195 3913 1289 4022; baseline -0.006 -24"><span class='ocrx_word' id='word_1_152' title='bbox 195 3930 199 3937; x_wconf 87' lang='lat'>&#39;</span> <span class='ocrx_word' id='word_1_153' title='bbox 263 3922 516 4022; x_wconf 80' lang='lat' dir='ltr'><strong>progenitores</strong></span> <span class='ocrx_word' id='word_1_154' title='bbox 542 3914 749 4013; x_wconf 86' lang='lat' dir='ltr'><strong>pertinebat</strong></span> <span class='ocrx_word' id='word_1_155' title='bbox 790 3913 918 3986; x_wconf 89' lang='lat' dir='ltr'><strong>donari</strong></span> <span class='ocrx_word' id='word_1_156' title='bbox 948 3913 989 3986; x_wconf 81' lang='lat' dir='ltr'><strong>tit·</strong></span> <span class='ocrx_word' id='word_1_157' title='bbox 1020 3913 1211 3992; x_wconf 83' lang='lat' dir='ltr'><strong>transferri</strong></span> <span class='ocrx_word' id='word_1_158' title='bbox 1241 3916 1289 3991; x_wconf 84' lang='lat' dir='ltr'><strong>ad</strong></span> 
     </span>
     <span class='ocr_line' id='line_1_26' title="bbox 262 4025 1291 4125; baseline 0 -19"><span class='ocrx_word' id='word_1_159' title='bbox 262 4037 518 4111; x_wconf 78' lang='lat' dir='ltr'><strong>monasterium</strong></span> <span class='ocrx_word' id='word_1_160' title='bbox 530 4046 769 4107; x_wconf 84' lang='lat' dir='ltr'><strong>memoratum</strong></span> <span class='ocrx_word' id='word_1_161' title='bbox 781 4048 863 4101; x_wconf 87' lang='lat' dir='ltr'><strong>curn</strong></span> <span class='ocrx_word' id='word_1_162' title='bbox 873 4025 987 4102; x_wconf 90' lang='lat' dir='ltr'><strong>fundo</strong></span> <span class='ocrx_word' id='word_1_163' title='bbox 1000 4027 1199 4122; x_wconf 77' lang='lat' dir='ltr'><strong>ejus&#39;dotali</strong></span> <span class='ocrx_word' id='word_1_164' title='bbox 1214 4033 1291 4125; x_wconf 88' lang='lat' dir='ltr'><strong>ple·</strong></span> 
     </span>
     <span class='ocr_line' id='line_1_27' title="bbox 265 4144 1318 4251; baseline -0.012 -25"><span class='ocrx_word' id='word_1_165' title='bbox 265 4144 628 4251; x_wconf 78' lang='lat' dir='ltr'><strong>nojurepusscffiouis</strong></span> <span class='ocrx_word' id='word_1_166' title='bbox 643 4144 919 4243; x_wconf 76' lang='lat' dir='ltr'><strong>&amp;proprietatis</strong></span> <span class='ocrx_word' id='word_1_167' title='bbox 930 4146 974 4222; x_wconf 90' lang='lat' dir='ltr'><strong>ad</strong></span> <span class='ocrx_word' id='word_1_168' title='bbox 986 4163 1200 4245; x_wconf 87' lang='lat' dir='ltr'><strong>perpetuam</strong></span> <span class='ocrx_word' id='word_1_169' title='bbox 1213 4163 1293 4228; x_wconf 78' lang='lat' dir='ltr'><strong>nte.</strong></span> <span class='ocrx_word' id='word_1_170' title='bbox 1311 4238 1318 4247; x_wconf 90' lang='lat'>.</span> 
     </span>
    </p>

    <p class='ocr_par' dir='ltr' id='par_1_7' title="bbox 1083 4262 1243 4345">
     <span class='ocr_line' id='line_1_28' title="bbox 1083 4262 1243 4345; baseline 0.013 -2"><span class='ocrx_word' id='word_1_171' title='bbox 1083 4262 1243 4345; x_wconf 82' lang='lat' dir='ltr'><strong>moriam</strong></span> 
     </span>
    </p>
   </div>
   <div class='ocr_carea' id='block_1_6' title="bbox 0 0 1569 4934">
    <p class='ocr_par' dir='ltr' id='par_1_8' title="bbox 0 0 1569 4934">
     <span class='ocr_line' id='line_1_29' title="bbox 0 0 1569 4934; baseline 0 0"><span class='ocrx_word' id='word_1_172' title='bbox 0 0 1569 4934; x_wconf 95' lang='lat' dir='ltr'><strong> </strong></span> 
     </span>
    </p>
   </div>
  </div>
 </body>
</html>
