3125 4934
365 422 834 491 Μ
1088 445 1156 527 asa

231 612 370 705 initam
390 612 553 733 persone
575 621 798 717 nuaneipate
821 613 1023 697 frusiuosas
1047 621 1143 701 eirea
1157 618 1212 705 es·
1329 698 1334 707 ,

231 738 363 829 mamm
373 734 646 823 multitudinem
661 735 842 834 hospitum
854 756 945 831 quos
960 742 1209 834 adpmndium

231 883 370 967 nquam
397 856 575 937 convivas
604 855 760 935 invitare
788 852 1025 935 consueverat
1053 880 1209 959 propter

231 982 286 1055 lod
310 974 442 1054 multis
468 969 675 1048 debitorum
701 971 875 1047 oneribus
902 970 1126 1073 gravabatur
1158 979 1211 1057 ita
1256 978 1261 985 '

231 1098 285 1173 lod
310 1094 400 1169 vide
426 1087 491 1168 sue
516 1091 742 1188 temporibus
774 1089 839 1165 vix
863 1092 924 1166 vel
948 1112 1131 1191 nunquam
1164 1102 1212 1180 de

233 1210 395 1293 bitotum
422 1196 635 1309 gr'avamine
658 1204 850 1283 absolvere
874 1202 913 1282 se
938 1209 1060 1304 potuit
1078 1209 1115 1288 in
1140 1234 1208 1311 pe.

231 1328 290 1407 uia
309 1317 816 1428 degendoperseveranterdz
836 1317 972 1424 jugiter
985 1325 1210 1410 remanebat.
1317 1378 1320 1385 .

232 1470 268 1523 ,m
290 1447 403 1522 etiam
428 1442 514 1538 quia
534 1436 845 1517 commesationes
866 1439 1057 1523 ebrietates
1081 1462 1153 1539 que
1173 1439 1213 1519 ia

231 1562 323 1639 libus
356 1557 539 1657 conviviis
564 1577 632 1655 per
660 1557 833 1655 vulgares
869 1554 905 1631 ἃ
942 1554 1214 1633 multitudinem

231 1678 381 1754 vitatam
408 1673 573 1749 exerceri
598 1668 688 1747 solet
711 1667 810 1764 quali
834 1667 1048 1770 frequenter
1077 1664 1212 1749 scurri-

231 1820 267 1875 as
282 1789 481 1872 indevotio
507 1785 543 1870 d
565 1783 796 1863 schandalum
824 1788 863 1864 in
893 1791 1031 1887 populo
1065 1785 1215 1865 suseita-

231 1932 270 2005 r,
295 1923 371 2007 que
396 1899 546 2009 omnino
571 1894 732 2007 personis
762 1902 1004 1983 eeclefiasticis
1027 1903 1064 1981 ἀ
1085 1920 1214 1981 earum
1317 1928 1322 1943 ¹

231 2044 271 2109 nt
284 2018 629 2106 conversationibus
647 2016 793 2096 inimica
806 2018 843 2094 de
857 2018 929 2117 juri
940 2020 1138 2115 contraria,
1148 2017 1215 2095 ab·

231 2146 271 2225 'us
287 2139 396 2238 huius
412 2157 501 2234 quos
509 2131 634 2231 pocius
650 2135 876 2233 corruptelas
897 2158 1005 2233 qoam
1023 2131 1214 2215 eonsuetu-

231 2253 520 2365 ues'reputamus
543 2276 719 2332 revocare
742 2256 926 2381 abrogare
953 2258 989 2335 dr
1015 2256 1052 2333 in
1083 2250 1217 2330 meiius

232 2395 418 2458 mmusare
442 2369 626 2469 cupientes
653 2384 727 2447 tam
749 2392 819 2468 pro
835 2369 1081 2470 personarum
1106 2386 1217 2464 quam

232 2494 339 2576 clelie
355 2486 550 2568 commodo
578 2485 613 2559 dt
646 2485 817 2583 profesio
851 2492 896 2566 de
938 2484 1108 2567 consensu
1137 2502 1216 2557 orn·

231 2612 294 2688 um
309 2604 494 2692 nostrum,
520 2622 587 2675 nee
606 2624 678 2676 non
696 2603 906 2683 Reverendi
925 2604 962 2680 in
991 2599 1133 2679 Christo
1150 2596 1215 2676 Pa·

231 2722 255 2796 is
284 2710 488 2791 dzllornini
512 2711 621 2787 nollri
642 2709 807 2811 Episcopi
822 2716 919 2792 eirca
944 2706 1113 2811 premissa
1137 2730 1216 2784 om·

231 2860 251 2913 a
278 2827 552 2929 approbaeione
583 2828 822 2907 connivencia
854 2833 888 2905 dr
915 2830 1085 2909 consensu
1112 2833 1216 2906 vida·

231 2971 279 3038 ‚er
303 2967 346 3025 ut
374 2947 567 3023 eanonicus
601 2947 846 3045 emancipatus
877 2971 900 3024 a
931 2971 1005 3028 tam
1039 2947 1216 3054 gravibus

231 3065 359 3171 :pensis
393 3056 581 3137 inutilibus
615 3065 803 3141 relevetur
835 3064 869 3141 d
902 3067 1026 3145 mitius
1059 3091 1144 3145 eum
1168 3089 1214 3144 eo

231 3204 331 3293 gatar
357 3201 439 3256 cum
475 3176 720 3255 moderamine
751 3180 846 3258 infra
878 3182 1011 3282 scripto
1047 3186 1218 3261 ordinan-

231 3326 285 3380 ιω
310 3298 346 3372 de
371 3318 453 3373 eum
481 3295 691 3371 maturitate
716 3297 838 3374 debita
863 3302 1030 3378 duximus
1062 3301 1219 3376 statuen·

231 3440 287 3511 ³¹¹¹
313 3413 412 3509 quod
436 3409 482 3482 ad
495 3402 694 3485 armarium
712 3413 868 3489 Ecclesre
880 3417 999 3509 nostre
1011 3434 1079 3507 pro
1095 3434 1221 3492 emen·
1312 3469 1320 3499 ,-

231 3531 343 3609 atione
370 3524 641 3618 comparatione
667 3525 912 3626 &augmento
935 3545 1080 3606 ornatus
1095 3529 1220 3604 Eecie-

231 3668 247 3719 e
272 3638 432 3739 quinque
453 3657 592 3711 mareas
620 3638 855 3716 denariorum
886 3641 1016 3719 Minde
1047 3641 1222 3740 legalium

231 3757 432 3845 :bonorum
459 3749 554 3823 dead
578 3748 755 3830 fabricato
769 3753 924 3831 Ecelelie
947 3757 1099 3837 totidem
1123 3773 1222 3831 mar·
1284 3769 1290 3777 ’

231 3891 260 3951 rs
286 3864 321 3937 dr
345 3863 393 3937 ad
423 3859 621 3939 lirudiuras
640 3863 675 3935 de
690 3885 952 3961 reparationes
987 3863 1023 3940 da
1055 3869 1222 3958 emendas

231 3979 430 4062 lifieiorum
462 3976 607 4050 claustri
644 3977 731 4052 duas
768 3999 908 4054 mareas
947 3978 1130 4085 disioguna
1164 3983 1231 4089 de·-

231 4098 391 4182 ariorum
435 4091 686 4190 provisoribus
709 4098 766 4171 ad
811 4099 919 4196 hujvs
959 4096 1078 4203 officia
1112 4103 1227 4198 depo«

231 4207 285 4286 vtis
329 4204 392 4285 sev
440 4208 655 4306 deputandis
706 4225 792 4289 ante
837 4212 1072 4315 ereptionem
1117 4211 1225 4308 ipsius

973 4403 979 4407 .
1111 4331 1186 4408 (La-
