3125 4934
668 430 942 523 “W
1188 464 1257 545 145

257 633 334 698 nee
349 629 547 697 extraneos
566 615 1188 737 quosqueliveele'ricosantlapeos
1202 638 1301 735 nitra
1330 632 1335 641 '

262 732 396 808 tlecem
419 730 591 828 personas
614 733 680 811 libi
694 730 867 818 associare
882 747 941 820 vel
958 743 1193 826 assumerem
1212 774 1301 832 con·

267 840 490 921 vescendum
511 866 586 923 non
610 848 749 944 poterit
771 873 839 927 nee
863 852 1031 950 debebit,
1064 862 1239 959 precipue
1254 862 1301 943 n-

271 960 419 1060 quidem
447 957 669 1036 Reverendo
701 957 862 1040 Domino
882 969 1004 1046 nolito
1031 970 1207 1070 Episcopo
1227 996 1302 1072 pro

254 1086 438 1168 *tempore
455 1069 619 1146 existenti
636 1068 698 1147 sex
712 1070 867 1169 sextaria
886 1076 1054 1157 vinitam
1070 1083 1105 1159 in
1129 1079 1297 1165 absencia

244 1184 378 1287 funem
395 1184 434 1263 in
448 1183 655 1283 presencia,
687 1184 901 1269 sedfercnla
924 1190 1015 1272 licut
1040 1197 1119 1298 aliis
1143 1198 1294 1285 Prelutis

271 1299 467 1377 dummodo
490 1297 529 1372 in
542 1297 623 1372 loco
638 1298 949 1397 Emancipacionis
967 1321 1133 1404 tempore
1144 1310 1292 1407 presens
1408 1312 1412 1321 '

258 1410 395 1519 existat
417 1408 513 1486 idem
530 1405 733 1486 eanonicus
754 1404 982 1493 ministrabit.
1032 1404 1125 1496 lte'tn
1141 1419 1293 1502 cuilibet

267 1520 534 1603 canonicorum
548 1512 761 1616 presenti&
790 1524 900 1601 etiam
929 1525 1066 1606 absenti
1090 1534 1288 1611 dummodo

264 1633 489 1740 personalem
503 1631 732 1735 restdentiarn
746 1630 871 1714 solitus
893 1636 938 1717 lit
955 1635 1134 1721 facerent
1156 1644 1206 1722 est
1232 1638 1290 1726 'dt-

257 1753 363 1835 ilum
379 1748 522 1827 duobus
536 1747 701 1847 sextariis
716 1748 797 1836 vini
810 1751 885 1829 sani
906 1750 1078 1836 &bibliis
1095 1760 1193 1859 quod
1216 1783 1286 1860 pro
1378 1804 1382 1829 ι

254 1863 419 1970 uenarijs
435 1864 567 1944 redimi
584 1885 658 1942 non
673 1864 812 1963 poterit
825 1886 894 1948 nec
916 1868 1112 1949 debebit&
1128 1889 1288 1974 quatuor

246 1974 414 2067 ¹lamellis
432 1967 639 2057 recentibus
660 1974 695 2052 tic
714 1978 894 2081 legalibus
908 1980 1118 2095 &quatuor
1135 1985 1284 2071 ferculis

252 2102 395 2191 seilicet
408 2114 478 2191 pro
499 2090 621 2190 primo
643 2091 733 2166 dnos
750 2089 871 2187 pullos
898 2107 1040 2188 mature
1060 2098 1164 2173 etatis
1190 2098 1286 2182 bene

257 2219 381 2305 conos
399 2209 613 2290 &conditos
629 2203 817 2306 speciebus
833 2211 1054 2289 aromaticis.
1103 2213 1197 2294 item·
1211 2238 1281 2319 pro
1395 2262 1398 2275 ι

257 2331 416 2419 assatura
432 2326 522 2404 duos
543 2324 664 2422 pullos
680 2317 770 2401 all'os
787 2316 988 2401 consimiles
1008 2325 1195 2426 prioribus
1216 2348 1281 2414 aut

256 2449 386 2531 inalia
409 2436 567 2518 allatura
586 2435 724 2534 equalis
749 2438 908 2530 valoris,
944 2437 1116 2516 alienun
1138 2439 1280 2528 fercula
1323 2464 1338 2489 ·‘
1394 2482 1404 2521 ;

254 2555 473 2646 intermedia
486 2550 635 2628 honesta
650 2549 685 2626 br
699 2548 860 2626 recentia
883 2550 1031 2630 decofila
1054 2576 1211 2652 quorum
1234 2579 1278 2634 u.
1410 2568 1412 2577 ¹

254 2699 344 2768 num
372 2671 444 2748 etit
460 2669 505 2743 de
521 2664 647 2741 ferinis
667 2661 694 2738 st
711 2663 808 2738 bono
832 2667 945 2745 modo,
963 2663 1093 2744 haberi
1118 2672 1277 2773 poterit,

252 2783 418 2886 alioquin
438 2793 593 2874 utraque
611 2775 656 2850 de
674 2772 844 2850 carnibus
869 2774 1072 2852 recentibus
1101 2777 1193 2858 bene
1215 2806 1277 2861 co-

250 2902 318 2983 etis
332 2895 473 2978 servire
487 2888 675 2966 tenebitur
690 2887 725 2963 o
740 2887 788 2962 ad
803 2907 929 2962 eorum
950 2887 1105 2985 hospitia
1123 2895 1275 2974 destina·

248 3044 304 3104 re..
359 3013 469 3116 Quod
491 3007 637 3106 quidem
654 3001 846 3079 servicium
862 3001 1048 3114 ¹Prepostto
1064 3005 1212 3086 Detono
1238 3012 1276 3092 (e

247 3137 329 3238 alijs
345 3126 493 3212 P—relatis
509 3122 681 3198 videlicet
707 3118 856 3195 cantori
870 3116 1115 3196 Thesaurario
1132 3121 1167 3197 ric
1187 3123 1273 3202 Sco·

246 3250 372 3334 lallico
382 3258 465 3319 ‘nec
485 3256 559 3314 non
575 3233 780 3310 sanctorum
789 3231 943 3310 Martini
960 3231 1132 3324 Johannis
1147 3234 1181 3310 cb
1197 3239 1272 3316 Ha·

244 3332 411 3452 melensts
428 3346 667 3432 Ecclefiarum
691 3343 879 3441 Prepofitis
896 3343 1271 3442 supresentescxtite·

243 3483 324 3562 rint
338 3468 572 3553 autrestdere
604 3461 859 3539 consueverint
882 3460 919 3534 in
943 3459 1030 3541 vino
1045 3459 1210 3537 ‘femellis
1233 3458 1271 3540 tit

243 3592 396 3679 ferculis
422 3586 523 3663 dabit
544 3580 607 3659 seu
628 3579 763 3656 serviet
785 3579 832 3652 ob
855 3575 1071 3674 prelacionls
1094 3596 1270 3657 reveren.
1409 3572 1412 3577 .

243 3713 342 3794 ciam
358 3703 582 3800 duplicatum
606 3694 758 3791 Vinarijs
775 3712 866 3777 vero
889 3689 1041 3768 Ree'lori
1061 3688 1288 3795 scholarum

243 3817 487 3919 Subeentori,
511 3811 663 3891 Reblori
686 3805 746 3883 seu
767 3805 914 3883 Custodi
936 3801 1075 3880 fabrice
1098 3803 1266 3894 Reklori.

243 3943 312 4022 bus
328 3922 552 4032 capellarum
570 3925 776 4004 sannorum
796 3921 967 4008 Jobannir
982 3919 1131 4018 Baptifie
1142 3919 1265 3996 sorertss

243 4061 286 4145 fis
312 4057 349 4133 cit
370 4051 508 4148 Georgii
524 4048 692 4147 Muttinis
713 4043 856 4148 regenti
873 4041 1040 4145 regulum
1066 4040 1100 4116 o
1129 4058 1268 4141 organa

296 4174 387 4252 Toto.
402 4144 465 4242 'Xa
818 4151 852 4231 K
1157 4169 1218 4251 re·
1348 4230 1356 4249 l
