3125 4934
344 470 1009 591 emm.

298 658 433 740 mitatio
455 657 560 739 causa
580 671 645 736 aut
665 675 712 736 ex
728 659 954 760 indulgentia
970 657 1108 736 Decani
1126 662 1188 736 vel
1205 660 1320 739 totius

245 825 249 829 -
298 771 450 868 capituli
475 791 521 847 eat
537 766 723 868 probabili
742 767 847 847 causa
870 769 944 846 five
959 769 1065 846 solius
1081 771 1221 850 Decani
1234 777 1321 870 jux-

230 940 233 945 >
297 897 338 962 ta
359 885 508 963 modum
523 882 699 960 habenas
727 881 959 962 observatum
985 881 1136 981 alicujus
1156 874 1322 963 absentia

298 995 422 1072 valeat
436 991 704 1071 rationabiliter
717 992 892 1072 excusari.
909 1000 930 1041 a
977 997 1068 1072 Item
1088 996 1261 1074 statutum
1276 1010 1321 1074 ut

297 1104 419 1181 nullus
435 1099 702 1184 canonicorum
719 1099 794 1178 stue
807 1102 852 1178 de
866 1123 961 1179 anno
976 1105 1094 1205 gratie
1108 1109 1154 1187 *i*
1180 1103 1257 1181 five
1273 1105 1320 1184 de

298 1212 403 1292 bonis
418 1208 625 1289 inEcclesta
640 1209 818 1310 acquisitis
841 1212 1041 1292 concubine
1056 1230 1120 1291 aut
1140 1214 1222 1317 iilijs
1247 1212 1319 1293 suis

296 1329 406 1432 possit
418 1329 494 1406 ullo
510 1329 620 1407 modo
636 1328 793 1405 condere
814 1330 1065 1409 testamentum
1096 1331 1130 1409 dc
1146 1331 1319 1410 llsecerit

298 1440 530 1534 ecclesiastica
548 1453 671 1518 carcat
690 1435 877 1538 sepultura
904 1441 1212 1520 &testamentum
1237 1463 1318 1518 om·

187 1558 190 1565 ’
261 1578 263 1585 '
296 1560 383 1640 nino
397 1554 542 1633 irritum
558 1569 770 1652 reputetur,
793 1557 972 1658 Legatum
992 1578 1135 1656 quoque
1152 1579 1220 1654 per
1239 1579 1333 1634 ma·.

295 1690 385 1747 num
405 1666 544 1744 Decani
565 1662 746 1745 Scolastici
764 1665 953 1765 Cellerarij
980 1669 1041 1766 qui
1062 1689 1130 1765 pro
1146 1684 1316 1769 tempore

158 1853 160 1856 Α
294 1779 433 1861 fuerint
454 1777 492 1853 in
514 1797 722 1861 communes
739 1774 821 1856 usus
837 1776 996 1877 Capituli
1012 1779 1215 1882 redigatur.

392 1909 481 1985 Item
501 1906 710 2000 statuimus,
734 1894 818 1985 cum
832 1905 952 2006 siquis
968 1893 1236 1986 canonicorum
1252 1910 1314 1986 vei

294 2025 518 2104 vicariorum
533 2020 637 2101 chori
656 2025 700 2100 de
720 2039 843 2100 cetero
859 2025 1071 2102 cohabitare
1087 2022 1313 2124 presumpse-

295 2144 346 2222 rit
366 2140 566 2229 coucubine
583 2141 656 2218 vel.
672 2155 777 2218 extra
793 2143 939 2218 domum
963 2164 1040 2218 eam
1058 2143 1204 2239 publice
1226 2166 1314 2240 pro-

293 2275 447 2347 curare,
472 2250 591 2348 sipost
606 2252 751 2329 tertiam
766 2251 1004 2328 monitionem
1018 2246 1156 2329 Decaui
1171 2255 1231 2331 vel
1247 2257 1315 2334 ali·

291 2374 394 2474 cujus
412 2369 584 2451 Canonici
603 2371 698 2448 infra
721 2369 804 2446 odio
825 2370 900 2447 dies
924 2372 962 2448 in
985 2371 1155 2468 Capitulo
1177 2370 1316 2457 notam

292 2511 367 2568 non
383 2486 585 2584 respuerit,
609 2486 796 2584 prebenda
817 2484 924 2581 ipssus
944 2486 1312 2584 &quicquidaMin.

291 2598 388 2680 deust
406 2597 562 2708 Ecclesia
585 2593 814 2676 inbeneficio
833 2596 1052 2690 obtinuerit,
1078 2620 1146 2695 per
1161 2623 1315 2687 manum

289 2713 428 2798 Decani
444 2711 675 2811 &cellerarij
692 2711 729 2786 in
736 2732 946 2788 communes
957 2710 1037 2788 usus
1048 2714 1208 2808 Capituli
1222 2718 1310 2799 lide·

289 2826 375 2906 liter
390 2824 605 2927 colligatur,
630 2823 692 2899 iiie
708 2839 800 2897 vero
819 2820 865 2897 ab
884 2820 1042 2922 ingressu
1059 2824 1309 2912 Ecclesteoffi.

288 2939 419 3035 cibque
434 2935 559 3012 diuino
572 2935 717 3012 interim
734 2933 776 3009 stt
787 2929 969 3031 suspensus
985 2939 1103 3032 quoad
1119 2963 1236 3038 usque
1253 2952 1308 3026 ui.

243 3063 249 3069 ’
289 3052 387 3131 cium
412 3047 650 3147 postposuerit
670 3046 919 3145 supradictum
945 3051 1040 3128 ode
1060 3059 1167 3155 culpa
1182 3087 1306 3152 coram

287 3169 437 3248 Decano
454 3162 674 3262 &capitulo
694 3166 908 3266 condignam
927 3166 1121 3267 susceperit
1142 3183 1306 3274 peniten.

287 3280 376 3368 tiam
402 3283 586 3363 manifeste
609 3307 702 3382 pena
720 3284 823 3362 fimili
840 3293 1027 3384 puniendis
1043 3297 1104 3390 qui
1120 3302 1305 3394 prefatum
1329 3365 1333 3373 ,

285 3415 518 3482 manutenere
531 3392 812 3493 presumpserint
824 3398 1086 3482 taliamentum.
1137 3412 1227 3491 Item
1237 3417 1304 3495 sta.

287 3510 540 3606 tuimusquod
562 3507 736 3604 precipue
757 3507 793 3582 in
808 3509 921 3585 choro
946 3506 1143 3594 refectorio
1168 3523 1302 3603 sidor-

286 3623 434 3703 mitorio
452 3622 524 3664 *⁸*
549 3619 694 3696 honeste
715 3620 873 3700 modeste
897 3623 1168 3728 &disciplinate
1189 3636 1226 3716 se
1241 3638 1304 3718 ha·

428 3826 430 3830 .
1132 3745 1243 3831 beant

273 3872 275 3875 ’
333 3856 459 3926 *Vim
478 3849 765 3927 chattamsubuto
783 3856 910 3928 LXXV.
1108 3858 1111 3862 ’
1244 3805 1257 3850 ’

331 3995 375 4035 “
400 3971 559 4063 Doauuis
576 3992 683 4088 gratia
699 3985 782 4060 infra
798 4015 859 4062 nro
876 3995 991 4070 XCIV.
1087 4031 1089 4035 ·

290 4183 293 4187 .
329 4117 395 4159 ”’
421 4118 558 4217 Evidcos
582 4131 654 4188 uita
676 4131 861 4213 communis
878 4132 1123 4199 canonicorum
1145 4129 1299 4204 Mindon·

330 4264 338 4283 ·.
374 4213 508 4292 siumad
525 4213 690 4294 sacrorum
701 4220 879 4297 &nonum
892 4224 1297 4328 mortuomargumentum.
