3125 4934
202 532 204 537 .
316 470 402 565 ’ππ
464 406 468 417 Ι
678 468 951 539 m
1300 540 1308 597 ,Ι

151 594 155 613 Ι
179 678 181 683 ’
277 661 380 747 neus
395 659 466 741 suis
486 659 525 739 in
543 659 648 741 dislis
665 660 770 771 bonu
793 658 1074 759 quomodolibet
1095 653 1309 1105 restro}

277 793 515 876 protentum
534 778 666 856 mercis
688 776 897 881 osnaburg.
924 770 1162 859 denotiorum
1188 784 1271 863 Min
1323 796 1325 815 ⁴

275 894 453 997 legalium
470 892 644 989 predislis
672 893 890 995 conjugibus
912 894 949 971 de
965 894 1092 973 liberis
1114 918 1188 995 pro
1210 896 1237 975 b
1280 898 1291 919 '
1318 952 1321 967 .

277 1005 491 1106 hujusmodi
506 1005 671 1082 totaliter
688 1004 727 1081 in
740 1018 935 1091 numemta
947 1006 1105 1103 pecunia
1125 1028 1199 1105 per

275 1123 536 1205 mattarios&
563 1140 674 1201 manu
700 1122 827 1201 fideles
849 1122 926 1203 Dlii
951 1124 1133 1203 Lcoootdi
1158 1128 1207 1205 de

280 1238 466 1333 quondam
492 1233 668 1315 canonici
690 1230 891 1310 Monoecus
915 1232 1072 1313 Ecclelie
1109 1236 1253 1317 trudito

276 1349 404 1430 solutis
425 1348 606 1429 solventes
622 1348 922 1448 &promittentes
942 1350 1034 1427 disti
1056 1350 1231 1456 conjuges

274 1465 313 1547 se
334 1468 372 1548 dr
392 1466 464 1548 suis
478 1465 676 1545 heredibus
704 1463 933 1565 presentibus
961 1465 999 1543 ἀ
1023 1464 1159 1547 sutoris
1183 1466 1300 1569 joran

189 1584 191 1593 '
278 1589 317 1667 dt
338 1609 466 1667 veram
481 1583 711 1665 worandiatn
733 1584 897 1681 prestare
913 1584 950 1661 dr
976 1582 1100 1663 facere
1129 1585 1192 1661 de·
1206 1586 1297 1667 dus

273 1703 381 1780 bonis
401 1699 464 1779 sen
481 1700 571 1779 ortis
587 1697 756 1783 omnibus
779 1718 938 1799 quornm
955 1696 1106 1777 interest
1120 1698 1181 1777 vel
1195 1698 1304 1781 intet·.

272 1820 346 1899 erit
375 1817 442 1894 ubi
473 1816 617 1914 quondo
642 1813 679 1888 dt
709 1813 882 1910 quociens
904 1815 1102 1915 expediens
1135 1813 1250 1893 fuerit
1266 1804 1305 1915 (ς’

274 1953 501 2035 oportunum
529 1930 568 2006 de
592 1927 789 2027 superhoc
814 1926 953 2009 fuerint
972 1929 1150 2033 requisiti.
1231 1926 1318 2041 Notg

272 2072 367 2130 vero
394 2047 559 2124 divinum
576 2045 716 2123 cultum
732 2044 770 2120 in
784 2062 961 2142 quantum
985 2048 1022 2126 in
1040 2046 1148 2126 nobis
1172 2042 1224 2123 eli
1241 2064 1293 2121 to·
1315 2044 1318 2059 '

278 2188 370 2269 gere
385 2165 572 2262 cupientes
592 2155 846 2259 predislorum
871 2160 1052 2240 bonorum
1069 2158 1294 2239 dimissionem

270 2286 551 2392 resignationem
568 2282 603 2359 da
622 2279 931 2360 renuntiationem
945 2304 1013 2381 per
1026 2282 1174 2381 pillium
1198 2300 1294 2381 quen
1315 2378 1318 2383 Ι

268 2402 309 2481 in
323 2399 488 2478 manibus
504 2391 632 2472 nostris
656 2393 838 2470 tenuimus
854 2394 1071 2473 hobentcst't
1097 2394 1197 2475 didio
1221 2395 1296 2476 Dio
1315 2388 1319 2435 ³

270 2510 394 2590 nostro
411 2502 590 2604 Episcopo
609 2502 743 2580 adhoc
758 2505 970 2583 mandatum
985 2507 1193 2604 recepimus
1203 2501 1292 2585 debi-

270 2635 318 2711 tis
348 2628 674 2709 intervenientibus
700 2627 1018 2710 consuetudinibus
1046 2631 1083 2708 dt
1111 2606 1292 2731 solempni·

268 2748 405 2829 tatibus
419 2742 456 2818 tiz
475 2756 624 2838 recepta
639 2741 684 2814 de
705 2763 815 2817 mauu
835 2745 966 2840 laycali
979 2746 1027 2819 od
1043 2740 1246 2839 spirituales
1263 2743 1292 2832 d

269 2864 351 2962 pios
368 2851 451 2933 usus
465 2874 535 2951 pro
552 2851 738 2951 tnemotijs
760 2854 942 2953 Godzfrioli
958 2859 1000 2932 dc
1023 2857 1199 2955 Woltegge
1215 2867 1292 2945 olim

267 2978 440 3083 Episcopi
454 2972 652 3053 Mindenfis
669 2972 704 3049 u
724 2977 885 3068 ejusdem
901 2979 975 3055 Dni
992 2979 1176 3061 Leonordi
1197 2985 1307 3085 inipj
1327 3076 1329 3089 1

151 3135 155 3146 ,
267 3091 467 3175 saecclesta
488 3088 704 3192 peragendis
730 3086 765 3162 dt
787 3090 834 3164 ad
853 3112 944 3189 opus
975 3096 1122 3175 luminis
1151 3100 1292 3179 aanor

265 3213 358 3294 nolis
372 3202 541 3306 perpetui
560 3217 646 3275 ante
675 3199 873 3300 imaginem
891 3201 995 3280 beate
1010 3209 1131 3285 Mario
1146 3210 1292 3315 virginis

234 3342 236 3349 '
267 3336 563 3428 sculptamextra
578 3319 723 3416 januam
741 3317 902 3415 ejusdem
917 3322 1064 3402 ecclesie
1087 3332 1318 3411 tendentem

267 3454 316 3533 ad
331 3436 646 3543 septentrionalem
663 3446 806 3529 purtem
822 3429 1016 3531 singulis&
1039 3444 1219 3521 coutinuis
1233 3438 1322 3521 ne·

266 3566 386 3649 eribus
402 3558 560 3659 ponendi
587 3553 622 3629 ἀ
648 3549 800 3627 ardendi
822 3546 1016 3628 secundum
1038 3563 1137 3651 quod
1160 3565 1327 3641 Iumina

264 3671 523 3760 nodlurnalia
512 3693 550 3746 tn
572 3667 698 3742 eadem
715 3658 863 3736 ecclesa
889 3681 1025 3755 ponere
1042 3667 1077 3741 de
1095 3674 1227 3749 ardere
1247 3673 1330 3751 est

265 3778 478 3876 consuetum
510 3783 701 3861 accedente
736 3777 886 3853 adhoc
927 3775 1098 3858 consensu
1134 3784 1293 3884 Capituli

263 3902 464 3992 Mundensis
474 3903 581 4001 pleno
597 3894 677 3995 jure
692 3909 871 3992 perpetuo
883 3895 1292 4001 transtulimuslalligno·

263 4032 386 4109 vimus
419 4015 725 4117 deputavimus&
750 4009 1073 4106 appropiavimus
1103 4008 1292 4091 Canonicis

264 4138 463 4238 &vicariis
480 4132 663 4234 aliisque
653 4155 691 4209 1n
712 4125 809 4206 diua
827 4126 982 4205 Ecclefia
1008 4125 1128 4207 officia
1153 4127 1331 4217 haben·

984 4284 997 4307 2
1118 4251 1246 4333 tibus
