3125 4934
258 628 262 651 Ι
305 530 378 608 390
629 514 903 585 m

260 729 357 790 roam
372 709 503 787 horem
520 706 592 807 est3
617 708 762 787 tandem
779 709 884 786 venit
898 708 1009 789 Doni.
1029 710 1075 786 de
1091 711 1208 809 Lyca,
1221 705 1274 807 qui
1291 741 1293 745 ·
1315 714 1317 723 '

258 823 435 901 indicavit
451 821 621 915 comitem
636 843 704 918 per
720 822 899 920 supplices
916 847 1044 921 preces
1060 828 1163 904 ducis
1178 826 1275 902 Mau

258 940 336 1021 citii
353 937 540 1030 Saxoniae,
567 937 845 1032 &Merchionis
862 940 1001 1018 Alberti
1015 942 1221 1020 Brandenb.
1242 963 1277 1016 cc

257 1060 417 1137 maxime
434 1053 760 1132 vice-Cancellarii
775 1056 914 1156 Naoii,
938 1057 1018 1135 vita
1033 1061 1212 1134 donatum
1220 1051 1279 1132 esse

152 1203 158 1218 ·
255 1178 449 1261 nectare.

353 1297 474 1378 XXV.
498 1295 612 1379 Venit
641 1296 760 1374 Meas
797 1294 887 1374 Dux
916 1297 1169 1397 Lothoringiae
1206 1315 1281 1371 cum

255 1411 400 1512 Fratre,
418 1412 598 1513 Episcopo
613 1411 786 1508 Metend,
809 1412 856 1488 ob
867 1412 982 1500 Patris
997 1417 1109 1512 paulo
1125 1426 1213 1489 ante
1226 1413 1280 1488 de·

254 1523 374 1613 funiii
388 1522 478 1601 serio
495 1527 593 1621 apud
608 1521 787 1603 Caesorem
808 1527 968 1624 negotia.
989 1583 994 1594 .

353 1636 492 1716 XXVL
519 1633 714 1733 Suspensus
731 1637 790 1712 'est
807 1635 920 1711 Metit-
931 1637 968 1712 in
990 1635 1075 1712 foro
1091 1635 1197 1734 juxta
1213 1635 1282 1714 divi

249 1747 435 1846 ·Simpiicii
451 1746 599 1845 quidam
621 1748 761 1825 Carolus
772 1747 1020 1830 Trevirensr-s,
1046 1750 1145 1824 Galli
1160 1751 1281 1848 expio·

252 1881 381 1956 rotor,
409 1864 506 1962 quod
525 1862 633 1962 Spirae
647 1864 685 1941 in
699 1864 856 1942 comitiis
870 1862 1079 1960 Principum
1096 1865 1231 1959 fuifl'et,
1250 1865 1280 1943 ἀ

253 1977 378 2057 omnio
401 1999 484 2076 quae
508 1972 562 2051 ibi
585 1973 669 2053 ocia
689 1970 853 2075 fueraut,
867 1977 915 2058 cd
924 1977 1072 2058 Gallum
1090 1978 1280 2078 transcrip

254 2091 361 2174 fiisot
1057 2157 1059 2163 .

350 2207 490 2290 XXIX.
513 2203 593 2283 Post
615 2204 653 2283 X
667 2205 811 2283 dierum
828 2205 1075 2300 obsidionem,
1101 2208 1280 2289 Liuiacum

253 2327 421 2425 cupitur,
440 2322 505 2400 sed
520 2322 558 2399 in
573 2319 651 2419 ipso
667 2317 740 2420 jam
755 2321 920 2422 adsalto,
935 2340 1046 2425 atquc
1063 2325 1280 2425 irruptione,

254 2466 391 2548 magno
419 2444 579 2519 clamore
606 2439 819 2533 dediturin
845 2441 1002 2542 gratiam
1034 2440 1212 2538 Caesaris,
1236 2437 1279 2516 ob

191 2588 194 2595 ·
257 2580 367 2658 quom
389 2551 542 2627 dedendi
560 2549 685 2647 oppidi
693 2570 809 2650 usque
824 2544 1189 2632 adultimemhorarir
1199 2574 1279 2652 pro-

253 2664 1280 2772 mfflmmmfflmmfflmw·

255 2783 369 2862 centis
384 2781 508 2856 militis
525 2779 602 2875 ira,
621 2800 701 2876 quae
716 2802 762 2855 ex
776 2780 938 2878 abrupto
953 2783 1117 2885 mitigari
1133 2809 1208 2861 non
1221 2805 1279 2880 po·

255 2899 356 2993 tuit3
379 2895 476 2991 copti
498 2908 620 2968 autem
644 2893 722 2969 fere
742 2916 866 2970 omnes
890 2894 972 2972 sunt
989 2921 1074 2974 cunr
1102 2898 1182 2996 ipso
1208 2899 1277 2997 ejus

253 3012 345 3093 Loci
368 3011 523 3098 comite,
549 3007 699 3106 ejusque
720 3011 847 3086 Fratre
868 3012 1003 3089 comite
1027 3017 1073 3091 de
1085 3013 1224 3116 duffii,
1246 3016 1278 3092 dt

252 3135 376 3227 Erpa,
401 3151 445 3203 ac
465 3124 612 3200 domino
639 3129 684 3224 de
713 3128 832 3219 deod,
858 3127 920 3224 qui
942 3127 1152 3206 Marianum
1180 3136 1276 3233 oppi-

253 3251 340 3324 dum
369 3233 565 3336 prodidisse
587 3235 716 3314 fertur.
766 3238 927 3314 Dedusii
955 3236 1062 3314 suere
1084 3239 1207 3318 Meros
1236 3240 1277 3316 ad

251 3353 457 3438 retorem,
481 3372 524 3425 ac
549 3351 678 3427 deiude
699 3350 739 3427 iu·
754 3353 981 3429 Brabaoriaru
1001 3353 1106 3429 miili.
1159 3358 1201 3432 In
1217 3380 1276 3455 op-

241 3471 342 3569 -pido
358 3489 450 3542 vero
483 3485 636 3564 noaguus
663 3466 897 3543 Commeatus
919 3469 1089 3544 iuventus
1107 3471 1183 3563 est,
1209 3475 1276 3549 col·

251 3585 506 3681 locatisqueiu
523 3607 565 3657 eo
584 3584 1118 3685 duorumfignorumpeditum
1136 3615 1275 3692 germa-

248 3728 382 3787 norum
406 3704 599 3801 praeduris,
628 3704 817 3780 Exercitus
840 3706 941 3781 illinc
960 3707 1007 3782 ad
1033 3705 1084 3786 St.
1108 3710 1276 3815 Defiderii

250 3821 430 3921 oppidum
448 3818 682 3920 obsidendum
702 3817 897 3897 translatus
919 3821 981 3899 est.

694 3937 830 4021 Julius.

345 4057 410 4132 Vl.
440 4056 547 4142 Juiiz'.
588 4053 708 4130 Caesar
733 4057 842 4132 Meris
867 4053 1017 4134 discesit
1042 4081 1160 4158 usquc
1187 4063 1274 4138 Pon·

240 4174 450 4273 -rcm-ooosae,
486 4171 673 4274 praeruiisrs
712 4173 1012 4281 impedimentis,
1048 4201 1138 4278 quae
1182 4181 1274 4281 inter
