3125 4934
165 540 169 549 ,
320 489 394 560 262
431 598 434 603 .
679 481 949 545 m

276 667 304 749 n
330 690 401 766 que
424 681 578 768 propter
600 664 811 768 hujusmodi
838 671 969 746 statuta
994 667 1031 745 de
1056 666 1298 747 ordinationes
1335 674 1340 769 1

276 783 527 863 movebuntur
541 783 793 861 communibus
802 779 1004 878 sumptibus
1022 781 1235 879 &expensis
1250 804 1300 860 oa·
1337 830 1339 887 4

276 902 385 997 pituli
400 899 696 995 defensabimus‚
720 897 855 975 fivero
878 901 1009 998 aliquis
1037 902 1097 975 vel
1120 900 1239 998 aliqui
1255 899 1300 978 se·-

279 1021 436 1096 cundum
456 1018 615 1117 prefatas
639 1017 883 1094 ordinationes
906 1016 1132 1094 admillibilis
1153 1019 1218 1095 vel
1244 1023 1301 1097 ad·

277 1133 461 1214 millibilas
487 1135 549 1233 qui
572 1131 794 1230 prebendam
822 1133 1035 1232 dignitatem
1056 1128 1303 1231 personatum,

280 1254 466 1354 oblegium
492 1252 552 1328 vel
577 1249 737 1329 officinm
764 1251 987 1330 infuturum
1015 1255 1169 1350 adeptus
1195 1248 1304 1329 fuerit

278 1367 341 1445 vel
351 1366 470 1461 adepti
478 1364 614 1442 fuerint
622 1366 841 1443 audioritate
849 1388 1078 1466 quacumque
1092 1367 1157 1442 vel
1174 1365 1301 1463 aliquis

278 1483 339 1558 vel
357 1480 470 1578 aliqui
485 1481 644 1558 nostrum
662 1482 724 1580 qui
740 1481 1139 1579 jamadiuprebendam
1151 1480 1305 1583 dignita·

282 1613 355 1677 tem
367 1594 595 1692 personatum
612 1599 867 1701 oblegiumvel
878 1591 1308 1698 officiumpoffidemusdt

149 1720 150 1723 ‘
279 1717 512 1797 retinemusa
528 1741 756 1818 quacumque
773 1722 831 1796 vel
847 1719 1139 1818 quibuscumque
1154 1715 1305 1816 persona

280 1836 343 1911 vel
378 1831 542 1930 personis
566 1833 761 1911 seeundum
787 1837 929 1910 easdem
958 1834 1211 1910 ordinationes
1237 1855 1305 1912 non

149 1973 151 1978 ·
280 1950 484 2031 admiffibili
503 1954 562 2028 vel
588 1952 862 2032 admiffibilibus
889 1951 1072 2030 occafione
1095 1947 1306 2051 hujusmodi

279 2071 465 2169 prebende
474 2071 654 2171 dignitatis
663 2071 874 2171 personatus
893 2070 1028 2174 oblegij
1047 2069 1229 2168 velofficij
1245 2092 1303 2149 ve·

280 2184 429 2263 stabitur
445 2186 503 2260 vel
519 2189 792 2283 molestabitur,
817 2187 1051 2265 venabuntur
1066 2190 1127 2263 vel
1142 2190 1304 2267 molesta·

184 2308 187 2317 '
281 2302 434 2390 buntur,
449 2301 606 2397 uipsum
626 2305 684 2379 vel
703 2303 796 2399 ipsos
805 2321 958 2400 propter
966 2304 1038 2380 hoc
1046 2307 1238 2401 appellare
1247 2305 1304 2383 vel

280 2411 1304 2517 appellatioalitersejudicialiterdefenderecontigerit,

281 2548 347 2602 nos
358 2536 485 2600 onmes
505 2525 713 2620 hujusmodi
737 2529 936 2624 appellanti
958 2529 1017 2604 vel
1036 2531 1302 2624 appellantibus

281 2643 465 2736 appellato
490 2645 548 2720 vel
572 2646 760 2740 appellatis
785 2647 942 2722 dealiter
959 2644 994 2720 se
1014 2645 1223 2723 defendenti
1246 2648 1302 2725 vel

216 2836 227 2845 ,
282 2755 557 2832 defendentibus
576 2757 795 2854 judicialiter
817 2760 1094 2853 adherebimus,
1118 2761 1302 2861 ipsamque

280 2865 421 2944 caulam
437 2870 642 2968 hujusmodi
659 2872 912 2967 appellationis
926 2873 983 2945 vel
1001 2869 1217 2948 defenfionis
1233 2873 1301 2953 fine

280 2983 471 3063 fraude&
500 2985 583 3059 dolo
606 2986 721 3060 modis
748 2985 915 3064 omnibus
943 2986 1074 3084 quibus
1100 2987 1301 3083 poterimus

280 3101 565 3192 defensabimus,
594 3104 764 3200 Capitnlo
791 3128 881 3181 veno
906 3105 1026 3184 nostro
1050 3103 1195 3178 tertiam
1218 3127 1301 3202 par·

279 3232 352 3293 tem
380 3218 628 3313 &appellanti
654 3220 712 3293 vel
738 3220 1006 3314 appellantibus
1030 3219 1216 3314 appellato
1243 3223 1300 3300 vel

277 3344 467 3438 appellatis
489 3344 522 3418 de
537 3346 644 3421 aliter
655 3341 689 3418 se
705 3339 923 3441 judicialiter
939 3342 1148 3420 defendenti
1163 3341 1226 3416 vel
1242 3344 1301 3419 de·

277 3458 506 3539 fendentibus
531 3463 620 3543 duas,
642 3477 763 3557 partes
790 3463 962 3561 juliarum
993 3455 1233 3555 expensarum
1257 3459 1300 3537 li·

277 3583 367 3658 tium
397 3579 635 3658 &celisanum
659 3583 737 3658 stilo
762 3585 916 3658 umore
939 3585 1104 3660 Romane
1123 3579 1226 3654 curie
1249 3595 1301 3656 ta·

276 3705 476 3777 standarum
499 3724 542 3776 ac
562 3701 766 3798 juramento
791 3703 1006 3798 appellantis
1032 3703 1091 3776 vel
1115 3700 1300 3796 appellan-

277 3817 367 3889 tinm
392 3815 564 3910 appellati
590 3816 647 3890 vel
677 3820 946 3915 appellatorum
971 3814 1300 3892 confirmandarum

276 3927 501 4004 facientibus.
553 3932 732 4008 Nolumus
752 3952 869 4008 tannen
891 3953 956 4027 per
977 3925 1184 4026 hujusmodi
1202 3923 1298 3998 ordi·

274 4048 436 4124 nationes
464 4049 651 4126 Canonicis
674 4059 745 4146 jam
767 4050 1000 4145 emancipatis
1023 4050 1142 4148 quoad
1165 4047 1299 4124 alienu·

234 4188 237 4195 ’
273 4168 409 4248 tionem
449 4166 727 4262 ,prebendarum
771 4166 989 4270 dignitatum
1037 4163 1299 4268 personatuum

1142 4285 1245 4363 oble·

199 4402 323 4456 --
1284 4406 1287 4415 .
