3125 4934
583 318 885 413 &Max
1014 356 1051 405 ,2
1111 334 1183 409 κῃ

208 514 365 615 plenius
376 514 546 590 annotata
560 512 609 591 eli
622 449 1147 613 figellabonturornonientur
1160 508 1243 608 qni-1
1330 582 1333 589 ,
1390 518 1395 533 “

162 650 164 705 J
221 618 289 701 bus
304 621 473 701 omnibus
488 619 625 718 absque
638 622 716 696 ullo
732 618 844 696 dubio
859 618 1055 695 stabitur&
1072 621 1243 703 credetur

173 778 176 787 ·
222 738 320 818 sreut·
335 739 470 817 minori
494 716 611 839 sigillo
636 734 831 835 cujuslibet
844 730 1070 812 cathedralis
1086 737 1243 819 Ecclesre

183 838 187 847 ’
224 850 386 928 standum
402 850 452 926 est
465 851 605 947 pariter
624 847 659 930 se
676 848 925 943 eredendum,
946 849 1043 951 quod
1065 846 1241 945 siquidem

225 965 380 1067 sigillum
396 989 466 1065 per
479 967 665 1044 Decanutn
681 963 908 1043 osmtorem
920 964 1141 1057 canonicum
1158 990 1245 1065 pre.
1277 998 1281 1005 ·

227 1080 323 1159 orele
344 1081 465 1158 nostre
479 1077 634 1157 Ecclesre
648 1101 718 1177 pro
739 1094 906 1176 tempore
922 1081 1107 1160 existentes
1125 1085 1244 1161 custo.

194 1188 196 1193 ’
212 1190 397 1271 ¹‹lieturllr
417 1192 455 1271 in
470 1194 624 1290 quadam
640 1192 725 1268 eilia
738 1191 883 1288 speciali
896 1188 956 1268 seu
967 1191 1132 1275 clausura
1145 1197 1243 1275 intra

224 1305 424 1382 armarium
449 1305 610 1382 nostrum
634 1326 703 1402 per
726 1327 787 1381 eos
814 1310 1014 1402 reponetur
1038 1284 1074 1384 se
1100 1311 1240 1388 duabus

224 1417 389 1495 clavibus
403 1418 625 1499 dissimilibus
640 1437 761 1496 tamen
783 1442 852 1516 per
869 1424 1015 1501 eosdem
1029 1426 1242 1503 recludetur

223 1534 273 1613 ita
286 1539 390 1633 qnod
412 1540 583 1636 quiequid
596 1536 698 1635 juxta
715 1540 900 1615 decretum
917 1541 1078 1631 nostrum
1095 1545 1246 1620 venerit
1261 1533 1267 1543 ’
1345 1642 1348 1647 .

162 1720 168 1731 ,
222 1652 451 1757 sigillandum
461 1662 534 1754 'per
547 1656 640 1753 ipsos
655 1658 758 1734 simul
769 1672 834 1734 aut
850 1680 978 1736 eorum
996 1661 1152 1739 alterum
1167 1664 1242 1738 alio
1306 1681 1313 1698 ·

222 1767 400 1865 impedito
414 1767 631 1871 figillabitur
646 1768 802 1844 fideliter
824 1767 937 1879 &sub
951 1769 1155 1867 juramento
1173 1794 1243 1871 per
1357 1798 1360 1805 ·

222 1886 348 1962 eorde
365 1882 598 1964 observandis
615 1887 751 1962 statutis
772 1885 808 1960 or
826 1878 1140 1964 consuetudinibus
1156 1912 1243 1987 pre·
1305 1899 1311 1915 “

200 1999 320 2081 *diue
341 2005 462 2083 nostre
480 2003 634 2082 Ecclesre
656 2006 827 2101 Capitulo
848 2006 968 2082 nollro
993 2009 1141 2105 prestito
1165 2034 1243 2087 tne-
1366 2098 1371 2105 ,

179 2136 181 2141 ’
221 2140 394 2221 morato,
420 2127 676 2225 quodsi-forte
691 2129 858 2204 Decanns
874 2147 944 2222 pro
969 2140 1135 2226 tempore
1157 2152 1242 2227 pre-
1280 2191 1289 2202 ,

221 2227 299 2319 sens
326 2254 400 2309 non
428 2233 543 2330 fuerit
567 2250 654 2313 tune
678 2237 751 2312 duo
776 2235 942 2315 Seniores
970 2236 1143 2314 Canonici
1173 2262 1244 2336 pro

223 2364 390 2449 ternpore
411 2345 506 2422 liele
526 2348 645 2424 nostre
664 2346 819 2422 Ecclefie
844 2347 938 2425 idem
961 2346 1119 2448 figillurn
1139 2351 1244 2450 juxta

194 2456 196 2461 ’
221 2452 371 2564 modurn
388 2455 670 2556 suprascriptum
686 2460 886 2545 custodient
901 2459 937 2538 ἀ
952 2457 1162 2558 servabunt,
1180 2468 1243 2542 de·
1308 2532 1313 2555 ,
1368 2480 1386 2507 ”

223 2591 410 2655 tementes
425 2591 538 2673 prout
555 2574 605 2650 est
620 2573 766 2651 irritum
790 2571 825 2647 oz
841 2573 945 2649 inane
971 2574 1141 2670 quicquid
1156 2591 1248 2655 aute¹

222 2690 315 2766 diern
337 2685 540 2789 presentem
556 2685 673 2786 figillo
691 2681 847 2779 presenti
866 2686 1031 2781 prediolo
1045 2689 1241 2787 sigillatum
1392 2718 1394 2723 '

183 2828 192 2891 ,¹
222 2804 343 2882 existit
354 2817 418 2878 aut
430 2803 663 2899 imposterum
675 2801 747 2876 alio
762 2798 879 2902 figillo
892 2815 1017 2896 preter
1032 2825 1138 2899 quam
1157 2827 1240 2899 pre·
1283 2829 1287 2836 ·

174 2939 197 2955 ²*
219 2915 311 2998 senti
334 2911 461 2993 'forsan
484 2912 634 3015 figillari
666 2910 861 3013 eontigerit
892 2909 1081 3010 ipsumque
1106 2917 1239 2993 nullius

162 3072 170 3111 ,ι
219 3040 393 3113 volumus
409 3029 478 3111 effe
498 3030 642 3108 roboris
665 3032 727 3106 vel
742 3031 928 3106 momenti.
980 3033 1241 3110 lnmediove-
1346 3128 1349 3135 Ι

162 3146 190 3189 ³¹
218 3179 263 3239 ro
295 3153 405 3255 figilli
434 3149 589 3246 predisti
614 3145 747 3226 seilicet
771 3147 920 3248 oblongi
944 3146 1081 3246 sculpta
1104 3151 1154 3225 est
1178 3171 1240 3226 eo·
1329 3140 1332 3145 ’

216 3273 372 3364 lempna
402 3262 572 3339 sustinens
598 3261 871 3337 tabernaculum
897 3259 1128 3365 fenestratum
1155 3262 1272 3371 cums

217 3381 400 3486 pinaculis
424 3374 596 3473 desuper,
630 3375 667 3449 in
697 3373 798 3470 cujus
828 3378 953 3450 dextra
972 3384 1076 3472 parte
1101 3371 1241 3474 sculpta

220 3504 271 3581 est
298 3519 432 3604 ymago
447 3493 545 3585 beati
555 3493 661 3571 >Petri
676 3493 845 3589 Apostoli
869 3494 1004 3570 librum
1027 3492 1064 3569 in
1089 3494 1239 3574 dextera

217 3623 255 3701 a
276 3623 419 3699 elavem
444 3615 481 3692 in
503 3610 639 3688 flnistra
661 3634 770 3689 manu
797 3611 1016 3710 bajulantis,
1041 3611 1077 3685 in
1103 3609 1240 3690 sinistra

218 3760 369 3838 qnoque
385 3735 460 3837 ejus
481 3747 585 3828 parte
600 3730 737 3827 sculpta
760 3733 808 3806 est
825 3731 962 3833 effigies
983 3729 1093 3806 santii
1114 3733 1238 3821 Gorgo-
1268 3727 1284 3736 ’

214 3851 438 3956 ρκ’]ιρρτιὶτίς
452 3848 568 3929 ensem
585 3850 816 3955 evaginatum
834 3851 871 3927 in
883 3852 1013 3949 ¹deutra
1030 3850 1062 3921 tir
1080 3848 1238 3942 elipeum
1296 3890 1298 3907 ι

216 3989 304 4048 cota
335 3983 439 4055 armo
455 3960 572 4042 crocis
596 3961 631 4039 in
649 3960 786 4042 finistra
805 3983 914 4040 manu
936 3958 1173 4053 continentis,
1201 3961 1237 4038 in

763 4079 765 4084 ’
1095 4075 1186 4157 infe·
