3125 4934
330 430 467 553 ¹⁹⁴(
568 394 922 497 'ww

251 596 425 721 'paratos
450 608 662 721 pro-salute
688 610 849 711 ipsorum
879 619 1082 703 animarum
1118 628 1163 735 ad
1191 626 1305 707 altura

275 736 375 819 beati
395 731 537 811 Petriin
553 727 708 813 Ecclesia
722 735 1038 817 nostraMindensl
1054 744 1303 827 consentinus

149 877 151 882 ·
276 856 313 931 tiz
325 843 559 930 coadunimus
574 842 611 916 in
626 840 695 937 biis
707 840 847 941 scriptis
862 854 1301 950 perpetuepernransurot

276 964 380 1061 iuxta
401 963 504 1061 pium
531 953 748 1035 desideriunt
769 959 851 1055 ipsis
875 963 921 1038 ab
946 968 1019 1040 alto
1037 969 1241 1051 eoncessum
1264 974 1300 1053 in

275 1079 346 1159 hae
371 1086 477 1173 parte
495 1069 554 1143 ita
581 1067 752 1147 videlicet
777 1074 874 1167 quod
898 1075 1038 1152 uector
1060 1077 1147 1156 bitti
1177 1082 1300 1161 altaris

276 1216 346 1295 pro
363 1184 508 1267 nunc&
531 1183 593 1279 qui
609 1202 677 1278 pro
693 1198 858 1281 ternpore
875 1186 988 1265 fuerit
1002 1192 1204 1273 anteditlos
1220 1196 1301 1277 red·-
1330 1186 1333 1317 l

278 1308 375 1384 ditus
406 1300 512 1376 tollet
542 1294 577 1389 ξι
606 1292 767 1391 levabit,
809 1296 899 1372 Item
917 1300 1079 1381 unanimi
1092 1300 1300 1388 nostrarum
1331 1348 1333 1403 ι

262 1412 449 1507 ,consensu
485 1405 648 1483 annium
679 1419 837 1501 quorurn
868 1408 1015 1486 interest
1042 1416 1102 1490 vel
1133 1406 1334 1535 intereis22

278 1528 416 1630 poterit
432 1515 708 1622 quomodolibet
717 1517 759 1595 ,in
783 1517 949 1601 futurum
974 1526 1159 1606 statuimus
1182 1532 1219 1609 tir
1241 1553 1298 1611 or·
1330 1540 1334 1623 ξ

275 1658 441 1753 dinamus
465 1668 532 1745 per
553 1640 749 1741 presentes,
783 1650 880 1741 quod
896 1647 931 1724 in
952 1651 1106 1731 Ecclefia
1122 1672 1188 1731 aut
1203 1656 1297 1743 insta
1332 1638 1334 1665 '

160 1850 163 1856 ,
273 1770 451 1860 arnb’nutn
469 1757 620 1839 Ecclesre
637 1758 756 1834 nostre
771 1760 865 1835 infra
883 1781 1040 1861 quatuor
1066 1771 1139 1844 dles
1164 1752 1298 1850 seilicet

246 1970 253 1985 ,
272 1885 367 1967 seria
382 1868 611 1979 quartaferia
627 1867 753 1966 quinta
771 1868 807 1944 u
822 1870 914 1949 feria
935 1874 1034 1951 sexta
1047 1874 1206 1958 necnon
1219 1881 1296 1960 sab-

260 1994 386 2073 batho
402 1987 545 2089 quando
570 1998 729 2080 quatuor
753 1999 919 2077 tempora
938 2003 1044 2061 erunt
1061 2005 1145 2066 ante
1164 1992 1295 2076 fertum

249 2086 484 2205 Natiuitatis
499 2092 649 2175 Domini
671 2092 783 2170 nostri
809 2090 957 2194 fingulis
984 2096 1085 2175 annis
1115 2090 1184 2197 per
1208 2128 1295 2204 qua·

272 2238 359 2301 tuor
373 2214 530 2294 vicarios
546 2204 889 2306 trulirosDyaconos
903 2206 938 2284 st
953 2206 1202 2312 subdyaconos
1218 2245 1293 2303 nra.

271 2343 343 2445 jori
357 2334 462 2417 altari
478 2329 740 2421 ministrantur,
766 2343 924 2424 quatuor
938 2326 1106 2426 psalteria
1123 2336 1293 2436 legentur

270 2459 406 2534 &curn
421 2443 609 2548 diligentia
627 2442 880 2536 compleantur
894 2442 944 2518 ita
980 2447 1077 2542 quod
1100 2449 1172 2527 duo
1196 2449 1292 2548 ipso.

267 2590 353 2655 runr
375 2561 508 2661 scilieet
525 2552 676 2653 dyaconi
697 2551 850 2648 quilibet
875 2550 1083 2650 psalterium
1108 2582 1178 2656 pro
1207 2586 1291 2658 pec.

268 2679 356 2761 eatis
374 2674 409 2748 tit
430 2663 680 2773 negligentiis,
705 2663 776 2737 duo
791 2687 881 2741 veru
900 2664 1121 2766 subdyacoui
1137 2673 1291 2768 quilibet

265 2785 477 2893 psalterium
492 2776 638 2881 lingulis
651 2778 753 2854 annis
774 2779 923 2881 legat&
949 2784 1131 2878 compleat
1147 2805 1218 2881 pro
1229 2776 1290 2863 de·

251 2904 424 2995 ¹suntiis,
448 2914 607 2998 quatuor
632 2918 723 2971 vero
741 2894 916 2994 psalteriis
942 2900 1046 2993 lestis
1070 2901 1103 2975 ἄ
1127 2905 1290 3000 comple·
1330 2906 1332 2921 '

263 3026 310 3100 tis
332 3034 374 3097 ut
388 3012 591 3115 predicitur
603 3009 757 3109 quilibet
779 3011 928 3088 habebit
946 3012 1099 3091 solidum
1116 3015 1290 3093 Minden-

261 3135 336 3217 sem
353 3147 418 3210 aut
434 3127 499 3219 sert
510 3126 675 3202 denarius
694 3149 826 3228 graves
847 3128 1093 3224 equivalentes
1113 3138 1290 3228 quosRe.

262 3252 441 3328 iterante
456 3237 544 3315 ditli
565 3237 689 3312 altaris
719 3235 816 3312 beati
839 3237 934 3314 Petri
966 3240 1016 3314 eis
1046 3241 1291 3343 ministrabit,

263 3358 341 3440 &ss
358 3355 456 3455 quod
471 3348 562 3429 abitt
576 3346 642 3446 ipsr
667 3347 892 3448 negligentes
909 3345 1049 3426 suerint
1073 3356 1132 3429 vel
1156 3357 1289 3457 aliquis

259 3474 422 3574 ipsorum
439 3466 627 3567 negligens
649 3461 815 3540 fueritin
839 3462 1015 3557 prensiffis
1038 3468 1075 3544 in
1099 3486 1206 3564 parte
1229 3472 1291 3549 vet

260 3587 298 3664 in
314 3599 423 3671 toto,
462 3599 508 3653 ex
533 3592 619 3650 tune
644 3573 798 3672 pecunia
820 3594 889 3669 per
911 3594 972 3651 eos
1001 3600 1074 3654 non
1104 3577 1291 3677 deservite

258 3698 472 3804 presbiteris
497 3693 613 3771 nriss'as
636 3715 705 3791 pru
733 3695 888 3791 peccatis
926 3695 961 3770 br
995 3719 1065 3792 pru
1104 3697 1288 3778 defuntus

177 3888 180 3893 ,
258 3820 451 3900 celebrare.
475 3802 681 3886 volentibus
718 3810 904 3915 diridetug
929 3810 979 3886 ita
1003 3815 1100 3909 quod
1131 3815 1290 3913 quilibet

259 3936 349 4009 duos
365 3920 579 4004 Lubicenses
597 3936 661 3994 aut
683 3944 835 4019 grauem
861 3922 1048 3999 denarium
1076 3929 1157 4000 luco
1183 3927 1290 4003 obla·

208 4042 211 4047 ”
255 4032 362 4129 tionis
378 4047 542 4144 recipiat.
594 4045 686 4121 Itetn
710 4047 880 4123 volumus
896 4044 930 4120 tt
949 4049 1158 4125 ordinamus
1185 4049 1288 4147 quod

1124 4189 1236 4254 'alite-
