3125 4934
404 453 472 526 352
726 450 991 518 &MA

304 732 311 759 Ι
404 626 518 706 Simon
540 634 579 707 cle
602 632 838 718 Sor-enacim.

402 750 615 828 Homannns
631 758 672 829 de
689 755 821 849 Caftele.

402 865 588 994 Reinboao
603 869 636 941 dt
659 869 784 947 frater
795 869 870 971 ejus
887 872 931 949 de
948 871 1117 951 Horoderc
1134 927 1146 973 2
1169 897 1296 958 omnes
1312 883 1361 961 in·

402 999 711 1168 Aginiiititffiiaeo
735 1090 846 1170 Anno
872 1093 922 1177 ob¹
944 1096 1190 1177 [mutuatione
1214 1099 1362 1181 Domini

351 1210 594 1289 mcbxillx.

449 1346 535 1423 Voti
564 1346 684 1441 itaque
709 1342 901 1421 secundum
932 1347 1060 1443 ptimae
1088 1349 1225 1429 chartae
1249 1355 1361 1453 petita

351 1482 535 1561 compotes
553 1464 636 1540 fatu
658 1462 854 1539 Coeuobitae
870 1450 1056 1661 piamssne
1069 1470 1161 1560 labe,
1184 1474 1362 1572 tranquil-

351 1585 495 1683 lamque
516 1585 586 1660 fine
609 1587 683 1659 ulla
706 1583 928 1659 infestatione
951 1609 973 1655 v
1005 1608 1062 1661 am
1089 1591 1228 1665 duxere
1248 1611 1361 1689 usque

350 1703 396 1774 ad
411 1701 556 1773 turbida
572 1698 740 1774 Friderioi
754 1700 781 1774 l.
811 1699 901 1796 lmp.
919 1715 1103 1794 tempora,
1130 1705 1262 1800 quibus
1276 1700 1371 1781 sese·

350 1817 426 1913 ejus
459 1815 683 1912 protectione
716 1815 848 1890 muniri
887 1814 1102 1892 censuerunt
1132 1841 1204 1893 noo
1237 1821 1369 1927 incon·¹

349 1958 483 2035 gruum
496 1936 580 2012 hinc
595 1937 629 2010 in
645 1935 766 2031 amplo
783 1935 978 2030 diplomate
989 1936 1097 2012 Anno
1113 1936 1359 2015 MCLXXVI.

352 2047 502 2143 desuper
533 2048 748 2144 impetrato,
778 2051 874 2143 'quod
906 2050 965 2124 bic
990 2049 1219 2145 subjicimus,
1253 2052 1361 2147 totius

349 2158 566 2238 fundationis
585 2165 673 2238 ordo
683 2165 874 2260 repetitur,
891 2163 1068 2262 simulque
1082 2161 1291 2264 progreffus
1308 2165 1361 2241 in·

350 2279 511 2373 dicator,
537 2303 612 2357 tom
632 2281 702 2356 alia
718 2279 863 2376 insuper
879 2283 1176 2376 complanantur,
1200 2304 1283 2379 quae
1297 2303 1361 2381 po·

349 2410 468 2472 terant
484 2396 626 2471 dillidiis
643 2397 834 2492 aliquando
852 2397 1016 2491 praebete
1034 2396 1167 2470 locum.

444 2540 483 2610 lu
503 2533 646 2609 nomine
660 2527 838 2604 sanuaeu
862 2528 1058 2606 individua
1087 2519 1358 2612 Trinitatis-Fri·

348 2647 477 2723 delitus
494 2643 625 2720 Divina
651 2637 796 2712 favente
813 2637 1001 2714 clementia
1018 2643 1269 2718 Romanorum
1291 2648 1360 2723 lm·

347 2778 496 2864 perator
517 2753 715 2854 Augustus.
741 2793 786 2804 --
814 2749 848 2824 Si
866 2752 1027 2830 Ecclestis
1054 2757 1086 2830 dt
1112 2759 1360 2838 [eclesiasticis

347 2883 461 2967 viris,
488 2871 669 2969 piaccinue
685 2884 805 2944 autem
828 2870 1014 2968 Religiolls
1039 2874 1199 2969 personis
1223 2876 1361 2953 viscera

346 2990 601 3078 misericordiae
620 2989 654 3061 in
669 2991 738 3062 hoc
753 2985 881 3061 saeculo
893 2991 1091 3066 ¹clementer
1106 2994 1315 3089 aperimus,
1339 3017 1361 3070 a
1387 3009 1391 3016 '

348 3112 571 3190 retributore
586 3103 764 3177 bonorum
783 3105 941 3178 omniunt
966 3128 1030 3179 nos
1046 3107 1128 3185 inde
1143 3110 1361 3211 condignam

346 3226 548 3307 mercedem
565 3220 599 3292 in
619 3236 751 3292 aeterno
772 3216 994 3294 beatitudine
1015 3216 1225 3318 recepturos
1243 3221 1362 3317 spora-

346 3365 425 3418 mut
447 3338 548 3435 juxta·
573 3335 660 3411 illud
682 3333 969 3432 Tlteologicum:
995 3335 1362 3436 Eleemosynaextiu·

345 3454 426 3557 ¹guit
440 3468 626 3549 peccatum
652 3448 685 3520 dt
701 3446 841 3523 limitas
858 3450 977 3542 operit
991 3452 1260 3528 multitudinem
1277 3475 1363 3548 pec·

345 3587 523 3642 catonum.
576 3557 998 3657 Eapronte1·cognoscat
1013 3577 1085 3635 tom
1102 3560 1258 3656 praesens
1276 3581 1361 3642 aetas

347 3685 480 3764 Christi
496 3684 530 3756 dc
549 3680 694 3776 lmperii
713 3677 896 3766 fidelium,
916 3701 1022 3772 quam
1039 3677 1232 3756 succeliiva
1246 3669 1365 3780 postess

242 3848 250 3867 .
345 3802 455 3884 ritas,
482 3799 579 3893 quod
597 3815 660 3875 nos
677 3789 860 3889 interioris
878 3790 1034 3866 hominis
1051 3793 1183 3868 intuitu
1199 3794 1261 3886 pie
1277 3818 1363 3874 con·

343 3916 537 3992 fidetantes
555 3909 773 3985 honestatem
796 3902 1025 4001 laudamque
1039 3909 1256 4007 religionem
1274 3912 1363 3986 dile·

343 4028 394 4103 oti
410 4027 519 4100 nostri
539 4021 683 4098 Becelioi
699 4017 925 4093 Venerabilis
937 4017 1090 4092 Abbatis
1109 4022 1153 4095 de
1175 4023 1212 4094 U
1215 4023 1364 4097 htersdol

345 4135 560 4219 &fratrum
586 4136 722 4216 ibidem
747 4136 888 4215 Christo
901 4136 1137 4253 militantium
1151 4133 1247 4323 ipsios
1262 4157 1365 4230 ,prat-
1395 4130 1397 4134 ’

1221 4259 1323 4326 entes
