3125 4934
594 461 865 528 ΜΛ
1018 436 1194 560 .2ζ,

215 678 300 738 mus
328 655 429 755 quod·
454 654 740 733 testamentarius
766 656 842 733 sive
868 653 1123 757 testamentarij
1148 660 1244 754 post-

218 796 332 872 quam
346 770 549 848 Canonicus
564 770 872 848 naturedebitum
889 768 1105 867 persolverit
1120 791 1245 852 teneu-

217 901 282 963 tur
294 885 374 960 srve
388 898 580 960 teneantur
599 883 695 960 infre
713 881 873 962 mensem
889 907 914 958 a
929 884 986 960 die
1003 882 1122 962 obitus
1140 908 1245 963 man·

217 997 347 1074 dutum
365 997 471 1074 suum
495 994 704 1091 presentare
724 1019 848 1072 coram
864 995 1013 1073 Decano
1035 998 1096 1095 vel
1112 994 1246 1079 seniori
1323 1026 1326 1030 ·

216 1117 256 1193 in
269 1115 436 1192 absentio
454 1115 593 1192 Decani
614 1116 649 1190 tir
667 1115 837 1212 Capitulo
862 1115 1006 1190 ecclefie
1022 1117 1141 1192 nostre
1155 1139 1243 1214 pre.
1308 1190 1314 1197 .

215 1231 318 1308 uiue
336 1252 383 1306 ec
404 1229 540 1306 ibidem
565 1229 753 1307 ostendere
777 1228 1031 1328 &producere
1051 1230 1243 1306 tellemen-

215 1364 295 1427 ttun
321 1349 357 1423 oz
374 1349 649 1425 instrumentum
673 1346 750 1425 slve
773 1347 911 1425 litteras
931 1346 1150 1425 executionis
1165 1347 1242 1426 sive
1347 1348 1358 1357 ’
1385 1457 1389 1469 .

214 1460 404 1542 commisse
424 1477 467 1537 ut
481 1461 669 1558 prefertur
686 1462 720 1538 oz
738 1463 848 1538 etiarn
865 1462 1109 1539 inventarium
1129 1484 1242 1540 manu

217 1580 373 1679 propria
399 1577 562 1672 desursii
578 1579 654 1654 five
677 1579 794 1655 alienu
816 1581 860 1655 de
885 1579 919 1653 tir
941 1579 1049 1676 super
1063 1578 1239 1656 universis

217 1693 405 1772 dereiisiis
438 1693 684 1792 conscripmm
718 1697 777 1770 vel
820 1692 1059 1794 subscriptum
1102 1695 1240 1792 suoque
1355 1728 1358 1733 ·

214 1813 339 1917 figillo
353 1813 535 1890 munitum
553 1813 651 1889 velsr
667 1835 736 1911 per
743 1813 947 1890 testatorem
960 1812 1168 1912 hujusmodi
1184 1815 1241 1890 in·

214 1932 428 2008 ventarium
456 1951 530 2004 non
551 1927 665 2006 suerit
686 1926 928 2026 conscriptum
950 1931 1009 2004 vel
1036 1950 1109 2004 non
1131 1929 1240 2023 plene

201 2038 425 2129 “confertum
450 2048 706 2146 testamentarii
718 2069 790 2123 una
806 2069 890 2123 cum
906 2045 1050 2123 noterio
1066 2045 1240 2142 Capituli,
1311 2114 1313 2119 .

166 2180 170 2185 ·
215 2160 332 2261 siipli
352 2166 540 2262 poterint,
564 2166 651 2241 alias
673 2187 756 2240 cum
777 2165 850 2239 elio
867 2163 1022 2241 Notario
1044 2184 1067 2238 e
1088 2162 1238 2244 Decano
1358 2200 1360 2205 ⁴

213 2277 280 2352 vel
295 2275 446 2350 Seniore
462 2276 667 2371 deputando
689 2278 795 2369 piene
819 2269 1063 2362 conscribant,
1089 2275 1186 2365 qrrod
1210 2271 1238 2349 si

213 2389 386 2490 premisse
407 2412 475 2486 per
490 2392 774 2466 testamentarius
792 2388 887 2465 infra
902 2405 1040 2482 tempus
1058 2410 1238 2463 memora·

214 2529 295 2591 tum
310 2529 352 2589 ut
365 2514 591 2610 premittitur
606 2511 755 2608 peresio
771 2510 869 2586 fabia
885 2509 959 2587 five
971 2511 1147 2606 complete
1164 2530 1239 2585 non

212 2638 380 2729 fuerint,
405 2653 551 2712 extunc
572 2638 737 2712 executio
756 2637 831 2731 ipso
852 2635 950 2711 sabio
967 2638 1012 2711 ad
1029 2636 1238 2729 Capitulum
1329 2685 1331 2690 -

213 2758 463 2842 devolvetur,
491 2754 631 2831 Deinde
649 2754 780 2851 prefati
796 2753 1048 2851 testamentarii
1064 2751 1165 2829 suum
1182 2750 1236 2828 os-

209 2874 336 2951 ficium
353 2873 509 2949 fideliter
529 2873 738 2965 exequendo
757 2894 798 2946 ea
813 2895 884 2968 que
898 2875 948 2947 ad·
966 2871 1134 2965 exequias
1151 2891 1235 2965 per·

212 2990 333 3064 tinent
355 2987 524 3062 decenter
540 2980 716 3083 peragent
733 2985 973 3060 creditoribus
991 3009 1033 3059 ec
1048 2981 1235 3067 servitori·

210 3107 284 3181 bus
308 3120 555 3199 competenter
576 3103 815 3196 l’atisfaciant,
840 3103 1046 3179 elemosinas
1067 3105 1235 3178 modera-

212 3241 269 3302 tas
290 3221 505 3296 distribuent
529 3219 724 3316 &elinque
742 3223 788 3295 ed
811 3219 1101 3298 salutemeuime
1125 3220 1233 3318 ipsius

213 3342 381 3420 defuntli
401 3343 584 3438 pertinent
606 3343 766 3440 legitime
794 3356 1020 3437 exequuntur
1038 3339 1234 3418 secundum

212 3457 384 3556 premisse
408 3460 643 3534 ordinationis
661 3459 867 3536 formam&
891 3475 1077 3552 tenorem,
1102 3481 1233 3536 uerum

212 3577 301 3671 quia
328 3579 485 3672 exceptis
508 3573 643 3651 casibus
660 3578 703 3656 in
714 3577 881 3674 premissa
906 3577 1131 3652 ordinatione
1147 3601 1233 3672 pro·
1304 3624 1308 3629 -

214 3689 304 3764 vide
328 3687 495 3786 expreisrs
514 3689 651 3764 clericis
667 3692 886 3791 regulariter
905 3689 1042 3786 dejure
1064 3713 1134 3765 non
1150 3714 1233 3787 per·
1287 3718 1292 3726 ’
1348 3744 1353 3759 ,

212 3804 375 3879 mittitur
386 3821 427 3880 ut
442 3804 535 3878 bona
546 3801 668 3879 saltem
684 3805 816 3878 intuitu
834 3803 1156 3899 ecclefieecquifitu
1174 3829 1234 3883 eo·

211 3942 298 3996 rum
320 3920 472 4015 ecclesis
495 3917 624 4020 onriliis
639 3920 676 3993 in
691 3918 780 4010 ulios
801 3918 998 3993 transferre
1012 3914 1235 4015 presumant,

212 4036 386 4134 proinde
398 4037 567 4109 volumus
595 4033 628 4106 elz
657 4035 891 4124 ordinemum
913 4049 954 4107 ut
978 4030 1004 4106 si
1031 4033 1117 4126 quid
1139 4038 1234 4113 ultra

161 4199 188 4283 ,ι
210 4168 326 4244 quarn
343 4147 513 4246 premissa
529 4168 641 4223 onera
652 4143 895 4242 supportanda
913 4143 1064 4222 sufficiat
1084 4170 1150 4243 per
1168 4152 1234 4228 Ca-

162 4286 164 4291 ·
401 4300 404 4307 ·
1087 4286 1195 4342 uoni-
