3125 4934
187 550 272 563 ,.
392 489 439 577 se
660 487 1107 549 ww·

338 681 392 779 “l
405 677 664 756 retributorem
685 676 846 752 omnium
864 673 1044 752 bonorum
1061 612 1185 765 haset,
1196 675 1366 752 animad-

314 802 547 883 vertentes,'
575 791 755 888 omacius
775 789 872 887 quod
890 810 954 865 nos
979 792 1015 866 in
1040 789 1138 867 ditia
1155 790 1263 866 curia
1282 788 1366 869 casa

211 984 213 991 ,
314 911 441 1013 agris
457 906 517 982 seu
538 929 661 983 earum
685 900 880 1000 attinentiis
897 906 1067 982 hasienus
1092 905 1295 986 habuimus·
1289 931 1363 987 wate

247 1097 249 1102 .
273 1098 280 1107 ,
344 1025 493 1102 cedema
507 1021 709 1127 specialiter
726 1018 895 1099 consensu
911 1021 1080 1117 Prepofiti
1099 1021 1210 1098 nostri
1230 1022 1271 1098 de
1283 1044 1362 1099 orn

342 1130 442 1207 nitom
469 1156 623 1230 quorum
641 1129 827 1209 consensus
843 1131 1080 1227 requirendus
1100 1131 1243 1211 fuerat
1232 1158 1270 1210 m
1284 1156 1361 1212 me·

343 1262 525 1323 moratum
549 1243 740 1332 Jobaooem
763 1245 859 1321 suam
886 1246 1067 1323 ecclefiam
1092 1246 1361 1332 &successores

338 1312 423 1432 suos
449 1361 730 1437 transfundimus
752 1361 914 1457 plenarie
935 1361 1032 1437 &ex
1055 1376 1133 1437 toto
1158 1366 1364 1446 dantesdi-

335 1472 486 1556 :florum
515 1480 691 1556 bonorum
719 1479 979 1574 proprietatem
1002 1478 1070 1556 hac
1091 1497 1209 1558 tamen
1236 1491 1360 1572 eondi-

342 1588 441 1667 tione
457 1593 597 1688 adjedla
612 1595 709 1692 quod
724 1589 775 1668 sui
796 1589 1007 1670 successores
1025 1595 1085 1690 qui
1104 1618 1172 1692 pro
1193 1614 1359 1700 tempore

186 1774 188 1781 .
316 1802 318 1807 ,
342 1701 481 1781 fuerint
500 1709 551 1783 de
570 1709 742 1808 predidlis
766 1708 867 1785 bonis
891 1706 1028 1785 dabunt
1047 1715 1166 1789 nostro
1187 1716 1358 1815 capitulo

341 1845 437 1899 anno
458 1825 647 1915 quolibet'
635 1852 672 1903 ut
697 1828 755 1903 die
775 1825 1022 1904 anniversario
1044 1827 1163 1906 obitus
1187 1831 1275 1911 dimi
1291 1838 1359 1936 Jo.

261 1941 263 1945 ⁴
342 1940 463 2017 bannis
483 1941 562 2037 post
587 1955 741 2017 mortem
767 1940 952 2017 dimidiam
975 1963 1134 2019 marcam
1160 1944 1402 2026 Bremensu

342 2054 503 2161 argenti
504 2054 550 2128 ad
567 2051 843 2159 consolationem
859 2075 940 2149 que
957 2053 1053 2130 inter
1068 2056 1267 2135 canonicos
1292 2086 1357 2138 no-

341 2162 433 2247 siros
450 2171 499 2246 est
516 2185 654 2277 tantum
678 2191 740 2266 qur
730 2152 889 2243 diuinis
909 2168 1141 2246 interfuerint
1164 2172 1358 2258 dividenda

342 2306 384 2366 ut
407 2287 482 2387 ejus
501 2287 678 2364 memoria
698 2284 877 2362 celebrius
898 2284 1113 2363 &devotius
1143 2304 1400 2394 peragatur,

341 2407 378 2482 dt
393 2410 417 2481 ti
435 2404 615 2503 prefatum
629 2403 945 2491 Jobaooemlocum
962 2403 1063 2478 suum
1073 2422 1285 2501 permutare
1299 2434 1356 2489 re·

339 2524 481 2627 figoare
496 2524 570 2600 five
581 2522 653 2598 alio
667 2521 776 2595 modo
794 2519 974 2596 dimittere
990 2519 1185 2621 eontigerit
1202 2523 1354 2606 nichilo·
1399 2558 1402 2609 3

341 2638 459 2716 minus
480 2632 660 2728 sepedicta
681 2636 867 2732 curiaque
890 2636 938 2710 est
958 2635 1074 2711 libera
1092 2636 1138 2711 ab
1156 2640 1255 2716 omui
1271 2664 1356 2721 one.
1397 2678 1402 2733 ⁴.

343 2771 384 2831 re
399 2748 588 2824 advocatie
603 2748 808 2845 &qualibet
826 2745 1088 2824 servitutecum
1106 2753 1275 2833 omnibus
1290 2750 1360 2842 fibi‘
1395 2752 1402 2833 ξ

341 2870 594 2967 appendencijs
613 2867 679 2964 viis
695 2868 802 2967 innijs
822 2865 960 2965 pascuis
982 2869 1190 2947 nemoribus
1218 2870 1255 2948 dr
1276 2877 1356 2954 uni-

339 2980 451 3057 verfis
484 2978 623 3078 juribus
648 2977 713 3055 ilbi
741 3001 813 3077 quo
838 2981 884 3054 ad
909 2977 1043 3052 vixerit
1070 2983 1298 3080 remanebit,
1329 2986 1356 3065 st

340 3110 433 3173 nero
456 3088 507 3162 sui
525 3083 744 3164 successores·
759 3086 854 3160 dicte
871 3085 1014 3160 ecclesie
1030 3085 1066 3159 in
1082 3084 1281 3183 Dushorne
1297 3116 1358 3175 re.

340 3205 459 3282 stores
476 3218 696 3298 pretaxatam
714 3201 900 3296 pecuniam
923 3200 1008 3270 dare
1022 3216 1218 3275 renuerent
1238 3206 1304 3299 aut
1318 3218 1356 3286 in

340 3326 400 3402 dte
424 3319 669 3396 anniversario
694 3316 745 3393 sui
772 3318 890 3392 obitus
915 3316 994 3411 post
1018 3332 1174 3392 mortem
1191 3321 1269 3395 ‘uon
1293 3324 1357 3400 da.

339 3454 422 3515 rant
440 3435 601 3532 quolibet
622 3455 715 3508 antio
735 3429 829 3505 infra
851 3427 1009 3512 mensem
1033 3426 1170 3504 dabunt
1192 3432 1359 3527 duplica.

338 3567 413 3628 tam
437 3548 649 3646 pecuniam,
674 3541 798 3642 quodsi
825 3543 1052 3642 negligenter
1081 3539 1360 3636 supersederent

339 3665 399 3740 vel
415 3665 501 3736 dare
519 3661 656 3734 nollent
674 3652 926 3731 rationabilem
942 3649 1083 3729 causam
1105 3673 1165 3726 eos
1184 3654 1359 3734 excusau-

218 3864 223 3872 ,
265 3873 267 3877 s
339 3799 413 3860 tem
435 3804 505 3857 non
521 3778 795 3875 pretendentes,
820 3795 864 3847 ex
885 3788 974 3857 tuuc,
990 3756 1123 3845 locatio
1136 3769 1211 3844 five
1226 3775 1358 3867 provi·

338 3902 389 3978 fio
416 3892 949 3998 sepedictorumbooommad
968 3890 1128 3966 nostrum
1152 3890 1359 3985 capitulum

336 4024 455 4102 libere
474 4022 692 4096 devolvetur
711 4013 744 4086 dt
762 4012 873 4087 nostri
901 4012 1046 4087 domini
1064 4014 1281 4091 memoriam
1303 4013 1359 4089 se-

335 4138 472 4240 pedikli
492 4132 660 4221 Jobaoois
674 4125 899 4205 sacerdotis
887 4146 926 4202 m
943 4126 1007 4202 suo
1028 4123 1288 4315 moravensem&
1298 4130 1359 4208 die

1226 4257 1248 4312 o
1276 4262 1310 4315 r-
