3125 4934
225 472 240 553 3

685 317 954 380 mma
1200 340 1272 420 403

396 474 473 583 IX.
489 504 576 583 Duo
591 506 785 596 miiiimin,
811 508 911 610 illinc
931 507 1060 586 renero
1084 515 1131 589 nd
1147 514 1320 603 sinistram

297 623 470 701 Matrona
484 624 599 701 fluvio
618 624 831 702 defleximus
846 648 961 726 usque
976 630 1020 705 ad
1031 627 1154 708 Sucem
1170 654 1321 736 pagum.

394 770 444 846 X.
471 767 606 847 ibidem
640 771 869 872 quievimus,
908 787 1160 872 veneruntque
1190 777 1318 857 endem

292 881 356 958 die
372 885 417 960 od
432 881 608 962 Caefarem
634 888 707 962 duo
729 887 820 966 missi
843 908 864 963 9
885 888 990 966 Gallo
1007 889 1157 990 Legati,
1181 888 1228 966 ob
1248 913 1314 991 pa·

291 997 345 1076 cis
361 1012 545 1097 concepte
565 1004 852 1082 constitutionem
875 1005 1102 1083 firmandam.

392 1130 459 1208 XI.
485 1129 713 1233 Progreffum
737 1133 810 1212 duo
848 1136 1018 1214 milliaria
1042 1158 1125 1215 cum
1161 1137 1311 1216 dimidio

287 1252 444 1331 ulterius
475 1259 522 1333 nd
547 1253 652 1332 ann
676 1255 851 1352 oppidum
881 1258 929 1333 ad
965 1258 1112 1334 dorcam
1136 1258 1310 1358 fluvium,

283 1364 388 1460 quod
409 1365 562 1457 milites,
586 1362 739 1442 Immiss'o
757 1364 861 1468 igue,
885 1380 1117 1463 cremarunt,
1142 1387 1214 1443 unu
1230 1366 1307 1465 lon·

285 1501 335 1583 ge
351 1480 432 1556 inde
449 1482 629 1579 quoddam
651 1478 805 1557 castrum
821 1481 947 1557 endem
963 1480 1020 1558 die
1033 1483 1194 1581 primum
1210 1501 1306 1576 9999-
1410 1583 1412 1587 ,

283 1584 461 1697 ¹teritum,
482 1601 603 1701 postea
624 1622 715 1677 vero
744 1597 908 1678 invasum
932 1600 1003 1696 est,
1027 1601 1062 1678 in
1088 1623 1132 1678 eo
1152 1594 1306 1677 trecenti

280 1708 421 1787 munes
447 1708 612 1807 inerunt,
632 1710 696 1809 qui
728 1732 874 1810 omues,
896 1708 990 1810 jussu
1023 1709 1172 1789 eesoris
1204 1706 1303 1808 copti

280 1823 388 1919 funt,
412 1823 548 1905 occisus
563 1828 696 1903 nullus.
751 1870 753 1875 -

301 1976 305 1983 '
380 1954 471 2041 XII.
494 1963 579 2042 Duo
601 1963 770 2041 milliario
790 1957 949 2060 profeiii
969 1959 1110 2055 sumus,
1135 1960 1197 2038 uio
1214 1979 1299 2037 ver·

277 2071 501 2172 susmsson,
522 2075 657 2155 huccst
672 2071 891 2175 Suefflonmsc
911 2079 1099 2176 oppidum.
1170 2128 1172 2130 ψ
1292 2131 1294 2148 .

375 2203 482 2278 XIII.
507 2202 554 2276 od
578 2201 692 2302 Soffoo
712 2204 886 2300 oppidum
910 2204 1150 2304 perelegans,
1176 2191 1297 2274 muni·

277 2310 379 2410 tum,
407 2314 620 2416 dogmate,
635 2317 756 2425 castre
770 2330 869 2394 motu
887 2315 990 2412 sunt,
1013 2319 1110 2416 quod
1125 2314 1293 2412 &ipsum
1323 2360 1330 2372 ·

273 2442 414 2532 praeter
443 2428 605 2506 omnium
632 2429 863 2525 opinionem,
890 2446 1007 2507 totum
1028 2443 1215 2527 repertum
1242 2423 1294 2502 est

269 2567 455 2634 vacuum,
479 2543 613 2639 purtim
640 2541 735 2616 enim
761 2540 969 2641 Compiegne,
995 2541 1129 2638 partim
1152 2537 1293 2640 porifios

274 2657 473 2762 confugiffe
501 2656 734 2755 dicebantur-3
767 2669 872 2734 muta
904 2658 999 2735 enim
1035 2654 1153 2737 Caesor
1175 2653 1289 2731 Gallis
1409 2708 1412 2717 ·

252 2777 405 2886 ,errori
420 2775 511 2868 fuit,
534 2771 762 2871 posteaquam
778 2773 905 2850 relidia
918 2773 1059 2854 Chelone
1077 2771 1234 2871 penitius
1249 2765 1289 2842 iu

270 2899 400 3007 couiae
421 2896 587 2994 Regnum
602 2909 796 2989 penetrare
805 2893 935 2991 coepit,
950 2909 991 2972 ut
1006 2893 1030 2970 n
1046 2892 1093 2971 soc
1107 2888 1286 2990 perrexis·
1318 2906 1324 2916 “

266 3037 342 3118 set,
366 3013 478 3114 ipsum
493 3011 670 3089 Lutetiam
688 3034 709 3088 9
732 3033 804 3109 qua
823 3011 922 3090 XVI.
951 3013 1120 3091 milliaria
1142 3028 1285 3092 tontum

265 3141 487 3229 aberamus,
504 3148 578 3211 out.
593 3154 766 3230 vacuam,
797 3147 862 3211 aut
885 3134 1190 3235 certe,deditiom
1215 3137 1282 3215 lra-

264 3254 408 3335 buisset.
500 3312 502 3317 .

359 3396 465 3474 XIV.
485 3393 626 3492 'partim
648 3395 686 3473 in
709 3392 825 3494 ipsum
853 3394 1050 3494 oppidum,
1072 3400 1206 3496 purtim
1230 3403 1279 3480 nd

260 3521 413 3599 alterum
427 3512 552 3613 oppidi
564 3529 729 3611 portem,
754 3529 862 3614 atque
877 3514 916 3593 iu
932 3512 1147 3595 suburbium
1161 3519 1277 3599 castre

259 3636 433 3718 9999991999
447 3629 540 3709 sunt.
574 3710 577 3715 ,
721 3673 723 3675 >

277 3818 281 3823 ·
318 3770 323 3776 ζ
355 3760 441 3867 XV.
466 3785 621 3866 &XVI
646 3786 698 3864 ibi
712 3788 892 3886 haefimu's,
912 3789 1126 3869 commorati
1139 3787 1274 3880 sumus,

276 3902 280 3911 ’
354 3912 477 3995 XVII.
506 3940 590 4018 pars
615 3902 803 4011 Exercitus
837 3946 921 4002 cum
946 3925 1273 4024 impedimentis&

252 4027 467 4115 Bombardis
481 4050 648 4153 montem
664 4035 891 4139 conscendit,
913 4063 981 4144 per
1003 4064 1110 4142 quem
1137 4039 1270 4120 tronse
1322 4128 1333 4136 ,A

737 4148 803 4230 Cc
825 4167 849 4232 9
1082 4158 1221 4236 undum

1197 4407 1204 4418 κ
