3125 4934
633 482 905 548 &QUNW
1225 505 1243 577 ς

258 690 382 778 preter
410 678 484 754 hee
508 691 633 753 autem
656 697 725 769 que
751 668 958 771 ‘juramenta
981 679 1125 758 firmata
1150 677 1270 756 siiiitu

259 790 426 885 superius
444 792 496 866 est
518 787 755 887 premissum,
780 794 933 885 quedam
959 795 1031 868 alia
1051 817 1120 889 que
1138 795 1286 887 serveii·

260 922 321 980 tur
338 905 513 979 duximus
531 903 714 980 statuenda
733 903 905 978 uidelicet
926 921 968 979 ut
993 930 1099 982 nemo
1120 910 1288 1001 deinceps

261 1013 457 1088 canonicus
482 1013 518 1088 in
544 1009 697 1087 Ecciefia
713 1009 893 1086 Mindensi
917 1015 1199 1111 emancipetur*
1225 1016 1287 1090 vel

263 1129 493 1222 installetur,
507 1131 554 1171 “
570 1127 631 1201 nisi
648 1127 749 1221 prius
765 1143 957 1222 prenotata
973 1129 1143 1227 Capituli
1159 1130 1287 1206 dieiias

262 1242 539 1321 eonsuetudines
566 1241 719 1318 Ecclesie
736 1242 933 1320 Mindenfis
961 1243 996 1322 se
1019 1247 1116 1344 juret
1135 1246 1288 1321 inviola-

262 1359 389 1434 biliter
410 1357 656 1434 seruaturum.
709 1356 799 1433 Item
815 1357 1000 1436 statuimus
1023 1363 1067 1436 de
1091 1359 1288 1436 Archidia·

264 1469 454 1545 conatibus
473 1486 514 1544 ut
531 1468 656 1570 pret'er
670 1473 752 1548 ilius
775 1473 837 1567 qui
854 1474 1089 1576 dignitatibus
1118 1473 1199 1548 sunt
1225 1493 1287 1546 an-

264 1591 345 1663 nexi
365 1590 526 1687 quinque
547 1591 608 1684 aiij
630 1613 701 1667 nnn
718 1593 842 1686 pueris
863 1588 923 1667 sed
939 1593 1028 1670 viris
1048 1591 1288 1691 prudentibus

264 1704 495 1782 difidelibus
535 1706 733 1795 Mindensis
775 1708 930 1784 Eceiefie
953 1709 1142 1786 canonicis
1167 1702 1288 1783 conse.

260 1838 413 1910 rantur,
441 1822 464 1907 Τ
497 1819 560 1917 qui
581 1818 919 1918 Archidyaconatus
943 1818 1025 1901 suos
1052 1820 1195 1898 vifitent
1221 1836 1288 1913 per

260 1930 411 2031 seipsos
428 1931 463 2006 di
485 1930 648 2009 eeclesias
664 1953 745 2008 curn
772 1934 1006 2026 vacaverint,
1026 1934 1146 2036 dignis
1165 1931 1286 2008 cunse-
1356 1952 1360 1962 ·

264 2067 350 2130 rant
373 2049 448 2127 fine
472 2051 592 2148 pretio
615 2052 700 2125 dato
726 2051 856 2146 quovis
880 2051 1027 2151 ingenio
1047 2052 1107 2128 vei
1133 2047 1291 2147 sperato,

263 2167 365 2243 Ideni
395 2168 440 2240 da
464 2161 700 2260 prepofituris
724 2162 834 2239 saneti
859 2163 1012 2240 Martini
1036 2159 1202 2239 &sandi
1228 2166 1289 2254 Jo-

262 2276 393 2352 hannis
416 2270 615 2350 Mindensrs
644 2273 701 2358 i's
734 2271 901 2346 duximus
925 2268 1209 2361 observandum„
1235 2273 1290 2345 vi-

264 2390 399 2466 delieet
422 2402 464 2463 ut
479 2388 585 2462 nuliis
611 2384 676 2461 nisi
696 2369 856 2460 diseretis
872 2385 1028 2481 Maioris
1047 2383 1199 2461 tecle-ne
1221 2385 1290 2459 Ca·

263 2504 403 2580 tinnieis
429 2499 673 2576 conferantur.
725 2492 814 2575 Item
837 2521 959 2574 onrnes
984 2499 1210 2576 residentiam
1235 2497 1288 2572 sa·

264 2617 364 2694 ciant
382 2615 443 2689 vel
462 2635 592 2708 penam
620 2611 759 2687 anobis
789 2602 916 2687 cintia
937 2607 1097 2687 absentes
1119 2612 1288 2687 statutam

265 2733 457 2808 incurrant
474 2730 608 2806 scilicet
628 2747 669 2804 ut
684 2748 850 2832 tempure
866 2724 1024 2803 absentie
1045 2727 1186 2804 frudini
1203 2748 1287 2822 pre-

265 2853 386 2928 bende
409 2872 481 2924 non
496 2849 676 2938 habeaut2
700 2845 759 2921 sed
778 2846 997 2922 Decanus&
1020 2845 1195 2923 Cellarius
1212 2843 1288 2918 cni·
1390 2906 1395 2915 .

264 2971 383 3067 ligarit
408 2968 454 3041 ad
475 2963 555 3039 usus
577 2964 736 3060 Capituli
759 2963 854 3036 bona
877 2964 946 3038 {ide
969 2963 1031 3038 nisi
1055 2958 1157 3038 eausa
1184 2958 1287 3054 studii

264 3101 333 3160 aut
356 3081 659 3181 peregrinationis
672 3080 731 3155 vel
748 3078 901 3155 Ecclesie
915 3078 1069 3179 negotijs
1084 3094 1148 3154 aut
1162 3074 1213 3151 sui
1232 3071 1286 3147 os·

266 3193 341 3295 ficij
358 3197 406 3271 ad
422 3191 649 3269 Mindenserii
666 3189 857 3268 Ecclefiain
880 3189 1091 3285 pertinentis
1110 3185 1168 3263 seu
1189 3183 1289 3262 infir·

798 3306 837 3379 Α
864 3323 883 3389 3
1132 3298 1239 3374 ruita-

316 3454 340 3502 *
361 3447 399 3521 ld
419 3447 481 3527 est:
500 3472 517 3516 a
539 3454 617 3544 jugo
634 3441 819 3517 Scholastici
835 3444 997 3512 liberetur.

316 3589 356 3628 ⁴·
384 3583 420 3654 id
437 3574 501 3660 'eiii
517 3583 639 3654 ssailuin
659 3584 710 3653 vel
734 3564 825 3655 ¹sedes
848 3585 882 3650 iii
901 3581 1006 3651 chorii
1025 3578 1058 3647 ἀ
1074 3570 1164 3647 sedes
1179 3576 1211 3641 iii
1228 3572 1291 3643 Ca·

365 3683 469 3780 pitulo
493 3680 676 3777 assignetur.

320 3815 417 3900 †De
456 3809 568 3880 officio
599 3806 827 3878 archidiaconi
865 3800 959 3872 valde
1000 3798 1113 3899 infigni
1157 3797 1303 3877 cnnfet.'

364 3907 519 3978 Dioerefis
538 3910 639 4005 Mog.
652 3913 686 3974 iii
701 3906 992 3972 archidiaconatus
1009 3894 1166 3981 distriisba,
1192 3903 1287 3966 eoin.

297 4014 299 4019 ’
364 4005 617 4075 intentationibus
645 4004 873 4095 Dipionratieis
907 3999 1056 4099 illustrati
1083 4001 1185 4068 ¹i'uiii.
1205 3999 1226 4067 i.
1252 3999 1293 4078 li,

362 4109 394 4172 ὅ(
414 4107 468 4177 ui.
491 4099 606 4172 confer
622 4105 716 4168 eiiaiii
738 4099 879 4165 chartarii
901 4105 1096 4189 i'eqtenteui.

317 4227 378 4312 'si
401 4232 453 4297 De
471 4221 556 4302 hisee
569 4217 793 4324 'i'iaepolitiitii
814 4220 884 4297 ude
909 4242 989 4303 ntoi
1008 4222 1061 4289 Vi.
1088 4223 1121 4289 di
1146 4222 1213 4291 jib.
