3125 4934
286 621 355 703 fus
369 582 597 722 presentibus
611 623 781 713 <luximus
791 627 1062 725 opponendum
1110 626 1249 715 Datum
1263 656 1327 718 tn·
1403 637 1409 645 ’

289 753 343 811 uo
360 735 395 813 δι
411 740 469 817 die
488 763 561 838 quo
580 742 702 839 supra.

287 910 1320 1031 &aff-&wan

619 1120 622 1125 ’
747 1107 875 1218 Clll.

288 1308 472 1401 SUPER
525 1307 950 1401 MlNlSTRANDls
1001 1310 1315 1413 PREBENDIS

288 1466 297 1495 ‹
571 1433 1040 1517 ruurrurosrruur.·
1361 1458 1364 1465 ·

254 1652 264 1675 .
287 1595 353 1797 In
380 1602 528 1676 nomine
551 1597 701 1674 Domini
722 1620 841 1678 omen.
893 1601 972 1680 Nos
995 1600 1163 1682 Deeunus
1189 1607 1316 1707 &Q-

283 1704 292 1739 ³
353 1716 511 1812 pitulum
536 1713 693 1792 Ecclelie
712 1715 925 1797 Mindenfis.
975 1719 1068 1797 Cum
1090 1745 1204 1821 eoque
1226 1730 1317 1812 olim

285 1848 314 1914 'o
331 1833 642 1935 predecessoribus
665 1834 794 1911 nostris
816 1833 982 1910 ordinata
1009 1832 1243 1918 laudabiliter
1259 1844 1318 1920 in·

287 1954 515 2043 veniuntur,
555 1951 750 2049 aliquando
788 1947 1039 2048 perfunctorie
1072 1948 1317 2034 observantur

286 2086 444 2171 propter
466 2071 683 2147 eminentem
704 2065 945 2145 necelsrtatem
971 2090 1042 2166 que
1061 2070 1216 2148 Ecclefie
1235 2098 1315 2152 no·

287 2190 361 2268 stre
379 2189 558 2265 incumbit
577 2188 624 2263 ud
640 2183 808 2282 presens,
835 2208 881 2261 ex
897 2178 941 2259 eo
957 2188 1055 2282 quod
1070 2185 1210 2265 nunus
1226 2213 1313 2287 pre.

287 2304 492 2382 benderum
518 2300 720 2379 nostrarum
751 2320 820 2396 per
833 2298 1041 2397 ¹,Prepofitos
1073 2300 1136 2399 qui
1159 2301 1312 2386 fuerunt
1358 2320 1361 2329 '

285 2406 358 2519 pro
375 2433 540 2516 tempore
555 2398 626 2491 non
642 2410 723 2489 sunt
739 2414 877 2490 statutis
895 2413 1121 2510 temporibus
1131 2416 1311 2499 ministri.
1336 2461 1340 2468 -

285 2536 318 2612 ti
337 2534 372 2611 ἁ
388 2556 433 2608 ex
452 2531 654 2621 remiffione
670 2530 808 2607 Decani
824 2528 859 2604 u
874 2528 1065 2627 cellerarii
1080 2534 1178 2639 quoti
1192 2534 1310 2614 diulus

282 2649 486 2749 Prepofitos
513 2646 708 2745 aliquando
730 2666 881 2720 mouere
901 2666 971 2742 pro
991 2641 1309 2755 solucioneffiifilo.

282 2756 369 2849 rum
392 2763 579 2842 frueluum
597 2780 666 2856 per
690 2760 814 2855 plures
836 2780 949 2833 annos
980 2758 1308 2841 minime'lllluve-

280 2901 392 2980 runt,
426 2872 513 2956 ideo
532 2879 577 2954 de
607 2874 789 2973 consensu
809 2870 1029 2977 venerabilis
1056 2879 1128 2956 viri
1155 2878 1307 2960 Domini

281 2996 499 3085 Wedekindi
517 2997 562 3070 de
576 2993 707 3069 Monte
725 2992 820 3068 dille
838 2993 958 3069 nostre
973 2992 1127 3072 Ecclefie
1143 2996 1308 3096 Preposs.

280 3115 310 3192 ti
325 3108 562 3191 convenimus
579 3103 799 3178 unanimiter
814 3101 982 3179 arbitrati
1004 3100 1126 3180 sumus
1151 3106 1186 3181 oz
1205 3108 1306 3185 arbi·

280 3242 426 3307 ruamur
441 3218 478 3294 in
502 3216 569 3313 hijs
594 3213 757 3310 scriptis,
782 3203 890 3310 quod¹
901 3213 1047 3315 fingulis
1062 3215 1100 3292 in
1116 3235 1223 3295 antea
1240 3243 1306 3296 un·

279 3335 336 3415 nis
361 3324 564 3425 Preposltus
588 3321 652 3419 qui
682 3322 733 3399 est
760 3322 795 3397 u
813 3325 884 3509 13⁸}ss
908 3343 978 3420 pro
1002 3339 1168 3423 tempore
1191 3326 1305 3512 sperit

883 3454 907 3511 2
1163 3458 1187 3464 ··
1223 3460 1254 3514 rs

280 3672 283 3677 ·
328 3635 350 3678 0
372 3626 536 3726 Praepofiti
551 3631 665 3699 omnia
673 3625 890 3698 Ecclefiarum
907 3623 1151 3699 Cothedrelinm
1170 3633 1205 3701 ἀ
1221 3628 1304 3701 eol-

377 3725 572 3824 leglatorum
589 3724 770 3795 bona'olim
792 3722 1057 3795 administrabant
1072 3730 1107 3797 dt
1126 3723 1217 3797 suurn
1232 3732 1301 3797 cui.

403 3850 443 3893 ue
466 3829 639 3895 canonico
658 3823 708 3892 uel
730 3829 764 3892 in
781 3826 951 3892 communi
972 3823 1105 3894 volvite
1127 3829 1303 3898 communi

274 3938 278 3945 '
376 3850 528 3992 {illolun
551 3927 585 3991 in
606 3918 788 4017 particulari
811 3922 1032 4017 porrigebant.
1081 3917 1169 3991 Falsa
1184 3923 1303 3994 exinde

380 4023 497 4113 opinio
526 4042 638 4088 exorta
667 4015 736 4099 est,
765 4015 856 4112 quod
883 4023 997 4088 omnia
1024 4021 1138 4088 harum
1159 4018 1306 4092 ecclelia-

378 4141 453 4187 rum
474 4115 561 4187 bona
586 4116 625 4182 nd
649 4113 840 4212 Praepofitor
859 4120 1084 4212 pertinuerint.
1118 4121 1194 4189 uide
1219 4113 1305 4190 infru

376 4238 552 4287 numerum
567 4213 718 4288 CXXIV.
949 4210 952 4223 '
