3125 4934
568 482 571 489 '
689 490 1019 617 'm'
1126 502 1264 585 '3155
1332 464 1338 485 ‘

281 682 452 785 expenso
488 704 560 782 que
592 675 821 781 recipientur
839 704 887 767 ex
908 679 1017 760 buria
1041 684 1322 782 apertionibus.
1346 738 1350 753 .

282 801 490 879 absentium
508 812 550 875 ut
574 798 625 874 est
644 797 795 876 dibbum.
842 799 943 877 ldetn
963 797 1047 890 siet,
1071 799 1197 899 siquis
1224 826 1314 902 pre·-¹

276 913 447 993 ,bendam
474 933 559 991 cum
585 914 763 1016 dignitate
784 911 984 1012 personatu
1004 913 1123 993 officio
1153 923 1316 1000 autolio

284 1020 541 1122 supplemento
557 1026 816 1124 impetraverit
835 1028 1017 1104 vacaturis
1033 1028 1082 1106 in
1106 1035 1202 1128 quod
1224 1055 1312 1131 pre·

264 1135 425 1239 ¹bendas
440 1141 598 1239 majores
614 1142 740 1249 ficvel
754 1143 1187 1242 srmpiiciterimpetratas
1201 1147 1230 1224 is
1245 1147 1312 1245 dui

283 1250 457 1350 superior
491 1258 529 1335 in
546 1250 677 1360 ¹grstiu
702 1257 800 1338 inter
822 1250 982 1338 minores
1006 1261 1066 1338 cui
1089 1259 1313 1344 austeritate
1409 1300 1412 1307 ¹

285 1363 463 1466 capitulo
479 1371 599 1470 major
612 1390 699 1461 tunc
713 1373 885 1466 debetur,
903 1373 1065 1451 extiterit
1079 1395 1162 1450 cum
1177 1375 1255 1475 aiijs
1271 1377 1312 1457 io

287 1485 499 1563 minoribns
532 1486 731 1562 constitutis
758 1485 926 1589 desendet
950 1487 1099 1596 eandem
1128 1484 1315 1587 facietque

283 1602 436 1677 tertiam
463 1617 605 1698 partem
625 1599 887 1699 expensarum,
912 1603 943 1680 is
967 1623 1057 1678 vero
1075 1602 1136 1680 cui
1155 1617 1246 1683 tunc
1264 1609 1314 1687 de

282 1718 421 1799 minori
437 1719 696 1815 providebitur
717 1719 828 1799 faciet
841 1723 929 1797 duas
949 1735 1072 1817 partes
1096 1719 1310 1818 &appellu-

279 1830 401 1904 tiones
419 1829 629 1928 interponet
641 1827 694 1926 hij
705 1852 861 1928 quorum
878 1829 1044 1907 intererit
1060 1829 1125 1906 ilia
1143 1833 1247 1926 vice,
1271 1832 1308 1911 ἁ

258 1972 263 1989 ’
284 1947 314 2026 fi
339 1948 421 2022 talis
436 1947 635 2045 impetrans
649 1951 697 2024 ad
716 1948 892 2048 maiorem
915 1943 1127 2027 criminosus
1140 1951 1305 2030 autalias

287 2064 521 2142 defesiuesus'
539 2069 603 2143 uei
617 2069 662 2142 dc
678 2065 760 2166 jure
776 2066 1096 2165 reprehendendus
1114 2063 1226 2142 fuerit
1241 2068 1311 2145 fibi

283 2177 519 2258 adversarius
532 2178 760 2259 suscitabitur
774 2186 798 2274 ,’
812 2182 876 2280 qui
893 2175 1063 2276 expensas
1079 2178 1188 2256 faciet
1203 2197 1246 2258 ut
1257 2183 1312 2262 est

285 2299 443 2378 ditium.
467 2296 494 2374 fi
516 2313 636 2377 tamen
663 2297 817 2394 persona
842 2295 968 2400 legalis
990 2292 1156 2372 suerit&
1177 2296 1307 2376 idonea

286 2435 333 2491 ac
368 2413 521 2491 Ecclefie
555 2415 738 2494 neeesfitas
785 2415 848 2491 vei
871 2412 1006 2490 utilitas
1031 2413 1140 2490 taiem
1163 2415 1308 2495 admitti

249 2545 260 2554 ·
282 2525 547 2623 requireret&
564 2524 732 2603 suaderet
753 2547 826 2603 non
845 2538 967 2601 tamen
981 2526 1027 2603 ad
1046 2523 1219 2622 majorem
1243 2524 1305 2607 sed
1405 2557 1408 2564 ·

281 2639 331 2713 ad
351 2636 530 2713 minorem
549 2639 763 2715 admittetur
779 2637 832 2713 ito
846 2639 943 2735 quod
957 2635 1030 2735 jam
1052 2636 1090 2714 iu
1103 2636 1304 2722 minoribus
1410 2666 1412 2670 ·

281 2748 468 2827 constituti
488 2756 547 2830 vel
572 2756 634 2854 qui
650 2753 804 2853 majores
828 2767 956 2832 tenent
975 2753 1010 2830 dr
1027 2776 1085 2832 eas
1102 2752 1167 2831 sub
1181 2773 1305 2854 prote·

246 2864 503 2947 'stationibus
533 2879 771 2964 acceptarunt
799 2888 845 2943 ae
875 2865 977 2942 litem
1009 2867 1305 2973 &refistenciam
1392 2874 1395 2881 “

283 2977 503 3082 presumunt
516 2985 562 3060 ab
583 2979 860 3083 impetrantibus
885 2979 953 3057 stbi
968 2981 1211 3063 veristmiliter
1236 2990 1305 3068 irn.

282 3113 428 3192 minere
446 3110 516 3189 suis
533 3115 673 3215 juribus
695 3137 767 3192 non
781 3115 977 3212 priventur
995 3115 1113 3192 necin
1130 3118 1307 3216 gradibus

241 3231 250 3245 “
282 3230 546 3327 retardentur,
569 3233 605 3307 in
628 3256 700 3328 qua
714 3228 849 3309 minori
864 3230 888 3305 st
906 3248 992 3306 tunc
1008 3231 1304 3326 impetrans-con-

286 3350 422 3424 tentari
438 3350 641 3449 recusaret,
665 3375 710 3428 ex
731 3370 821 3432 tunc
832 3351 919 3427 huic
935 3350 1162 3430 adversarius
1176 3354 1303 3436 infor-

283 3487 349 3543 nra
387 3459 613 3551 suscitabitur
638 3463 872 3564 antescripto,
904 3465 1072 3542 Preterea
1092 3468 1212 3544 nuilus
1236 3462 1308 3548 no'-

282 3583 400 3658 sirum
417 3579 570 3663 Cotrfiiia
587 3580 802 3681 aduersariis
824 3585 1006 3660 contraria
1020 3584 1193 3679 prestabit
1209 3590 1303 3670 ciam
1320 3574 1334 3587 ’

283 3696 346 3765 vei
365 3695 485 3789 paiam
502 3695 753 3788 promotiones
774 3696 911 3773 aurisia
937 3696 970 3770 dc
986 3694 1131 3775 favores
1149 3699 1213 3777 sub
1237 3708 1302 3784 ob-

285 3811 476 3920 testatione
493 3811 574 3886 fidei
596 3813 794 3890 &honoris
817 3838 886 3892 nec
907 3818 1204 3914 compostciouem
1224 3820 1305 3923 spe.
1385 3886 1390 3897 .

283 3930 415 4003 cialem
439 3930 545 4005 inibit
560 3955 642 4006 cum
658 3939 785 4010 eodem
810 3935 874 4011 nist
896 3938 940 4011 de
957 3938 1115 4035 Capituli
1134 3939 1303 4042 benepla-

287 4047 361 4157 cito
379 4045 409 4120 d
428 4048 621 4147 consensu,
643 4046 813 4148 preterea
843 4057 865 4130 fl
892 4060 989 4155 quod
1010 4058 1100 4134 absrt
1120 4061 1157 4137 in
1177 4087 1302 4161 quem-

279 4183 431 4264 cunque
447 4181 618 4247 eventum
634 4170 672 4245 in
689 4170 799 4261 caufis
816 4170 876 4249 seu
899 4173 1035 4260 casibus
1051 4175 1226 4275 premitis
1243 4184 1306 4258 ad-

1167 4311 1250 4369 ves·
