3125 4934
226 257 259 385 .'
385 338 441 426 ῃ
659 333 663 339 ’
723 313 998 386 mm

245 602 247 609 .
340 521 501 626 petimus
529 534 597 597 vos
629 512 889 598 Reverendum
915 509 1060 591 Patrem
1077 528 1122 587 ec
1146 505 1293 585 Dfium
1297 524 1375 586 ne»

342 642 475 722 lirun
488 635 713 741 Godefridum
737 627 954 724 Episcopum
976 641 1019 704 ut
1049 627 1139 704 illud
1168 616 1377 728 dignemini

342 751 582 845 confirmare,
602 747 639 823 c
664 746 741 822 Nos
769 737 978 838 codefridus
1003 739 1201 816 octodenas
1222 739 1366 836 Episco-

340 882 409 958 pus
432 863 603 938 statutum
622 854 832 957 hujusmodi
856 854 945 930 ficut
973 853 1127 950 provide
1151 853 1289 933 failum
1314 859 1365 938 est

340 980 560 1055 auctoritate
575 979 696 1054 nostra
713 975 895 1051 ordinaria
909 973 1101 1049 innomine
1114 971 1263 1048 Domini
1279 995 1365 1052 con·

339 1095 527 1176 firmamus
559 1095 595 1170 tlt
629 1093 786 1197 figulum
810 1095 971 1169 nostrum
1001 1115 1073 1168 una
1100 1115 1183 1168 cum
1213 1092 1364 1189 capituli

339 1216 451 1292 nostri
466 1211 584 1314 figillo
599 1210 757 1308 presenti
779 1210 912 1307 scripto
932 1213 1073 1306 apponi
1081 1209 1232 1286 fecimus
1255 1216 1365 1307 super

341 1349 398 1403 eo.
451 1304 588 1404 Datum
614 1347 708 1404 anno
729 1326 879 1400 Domini
900 1324 1097 1402 Millestmo
1127 1322 1366 1402 tricentifimo

340 1443 482 1521 decimo
505 1438 657 1584 septimo
671 1440 839 1520 Kalendis
854 1439 964 1540 Junij.
1102 1478 1104 1482 ·

337 2159 652 2258 FACULTAS
693 2163 1025 2258 REDIMENDI
1067 2161 1232 2256 BONA
1271 2167 1358 2259 An

560 2291 771 2370 ALTARE
793 2290 946 2369 BEATI
972 2288 1126 2366 PETRI.

222 2538 226 2549 x
327 2462 606 2665 Gooefriuus
629 2460 702 2545 Dei
729 2467 847 2567 gratia
870 2466 1067 2545 Mindcnfis
1096 2465 1243 2547 ecclesie
1271 2470 1359 2568 Epi·

454 2581 580 2679 scopus
601 2582 775 2675 universis
792 2581 982 2678 presentia
1003 2580 1132 2657 villicis
1149 2579 1299 2659 salutem
1319 2585 1358 2662 ἰιι

335 2700 517 2791 Domino,
549 2693 722 2775 noverint
739 2698 897 2775 unirerfi
918 2700 1015 2795 quod
1034 2721 1097 2773 nos
1118 2699 1163 2774 de
1184 2697 1356 2778 consensu
1392 2698 1403 2753 f'

285 2817 289 2820 ’
337 2810 499 2907 Capituli
537 2809 648 2888 nostri
672 2811 898 2908 permilimus
928 2825 969 2884 ut
993 2809 1209 2906 Capellanus
1231 2814 1356 2892 altaris

335 2923 438 3001 Petri
450 2922 487 2998 u
504 2922 610 2998 Pauli
621 2922 869 3016 apostolorum
883 2921 920 2997 in
936 2919 1057 2996 medio
1074 2920 1217 2996 ecclesie
1235 2924 1356 3003 nostre
1394 3000 1398 3007 .

336 3038 383 3114 de
398 3060 496 3114 novo
523 3029 718 3114 construiii
743 3039 835 3113 bona
858 3036 977 3114 nostra
1000 3037 1098 3113 laicis
1122 3036 1284 3140 obligata
1305 3044 1354 3119 cle

334 3175 447 3234 manu
470 3153 600 3254 laycali
617 3153 772 3231 redimat
794 3152 829 3228 ἅ
853 3156 899 3230 ad
921 3158 1036 3231 altare
1062 3153 1164 3230 suum
1193 3156 1355 3251 applicet

335 3272 533 3368 videlicet,
558 3273 697 3349 curiam
713 3297 822 3350 unam
842 3295 960 3373 prope
982 3277 1071 3352 Hillo
1085 3275 1217 3351 urnam
1235 3273 1354 3351 Vore-

334 3389 462 3466 werch
481 3385 655 3464 decimam
672 3389 710 3464 in
726 3391 830 3466 Broie
852 3391 887 3468 tle
906 3394 1135 3469 medietatem
1161 3389 1299 3467 decime
1315 3393 1353 3469 in

281 3521 283 3525 ·
334 3503 460 3580 Mettel
458 3486 542 3594 agie
563 3521 645 3577 cum
660 3502 827 3580 omnibus
843 3502 912 3584 suis
923 3507 1063 3606 juribus
1079 3503 1352 3604 &pertinentiis

334 3616 549 3713 fruiiusque
567 3635 635 3711 pe1
636 3614 746 3712 crpiat
761 3640 948 3720 quousque
970 3646 1037 3722 per
1051 3645 1116 3700 nos
1133 3622 1195 3697 vel
1215 3617 1352 3700 succes·

334 3721 433 3809 sores
456 3731 595 3806 nostros
618 3731 743 3806 eadam
766 3726 863 3812 bona
882 3741 1094 3838 recuperari
1116 3739 1263 3816 valeant
1283 3762 1361 3838 pro

336 3853 578 3950 quadraginta
610 3844 670 3922 sex
707 3849 837 3926 marcis
872 3853 1069 3933 Bremensrs
1101 3855 1258 3955 argenti.
1313 3857 1352 3935 In

334 3956 437 4058 cujup
457 3961 511 4036 rei
542 3957 784 4041 testimonium
806 3964 966 4049 nostruin
987 3990 1029 4048 ac
1052 3963 1212 4069 Capituli
1241 3969 1352 4049 nostri

760 4118 763 4124 ·
1186 4084 1305 4188 igilla
