<?xml version="1.0" encoding="UTF-8"?>
<!DOCTYPE html PUBLIC "-//W3C//DTD XHTML 1.0 Transitional//EN"
    "http://www.w3.org/TR/xhtml1/DTD/xhtml1-transitional.dtd">
<html xmlns="http://www.w3.org/1999/xhtml" xml:lang="en" lang="en">
 <head>
  <title>
</title>
<meta http-equiv="Content-Type" content="text/html;charset=utf-8" />
  <meta name='ocr-system' content='tesseract 3.04.00' />
  <meta name='ocr-capabilities' content='ocr_page ocr_carea ocr_par ocr_line ocrx_word'/>
</head>
<body>
  <div class='ocr_page' id='page_1' title='image "./subsidiadiploma03wrgoog_0161.png"; bbox 0 0 3125 4934; ppageno 0'>
   <div class='ocr_carea' id='block_1_1' title="bbox 588 412 1185 567">
    <p class='ocr_par' dir='ltr' id='par_1_1' title="bbox 588 412 1185 567">
     <span class='ocr_line' id='line_1_1' title="bbox 588 412 1185 567; baseline 0.003 -33"><span class='ocrx_word' id='word_1_1' title='bbox 588 412 859 536; x_wconf 56' lang='lat' dir='ltr'><em>Q</em></span> <span class='ocrx_word' id='word_1_2' title='bbox 1141 494 1185 567; x_wconf 81' lang='lat'><strong>9¹</strong></span> 
     </span>
    </p>
   </div>
   <div class='ocr_carea' id='block_1_2' title="bbox 206 660 1382 879">
    <p class='ocr_par' dir='ltr' id='par_1_2' title="bbox 206 660 1382 879">
     <span class='ocr_line' id='line_1_2' title="bbox 207 660 1375 785; baseline -0.009 -39"><span class='ocrx_word' id='word_1_3' title='bbox 207 666 430 746; x_wconf 69' lang='lat' dir='ltr'><strong>&amp;habitum</strong></span> <span class='ocrx_word' id='word_1_4' title='bbox 455 662 622 740; x_wconf 88' lang='lat' dir='ltr'><strong>deferant</strong></span> <span class='ocrx_word' id='word_1_5' title='bbox 647 660 809 762; x_wconf 86' lang='lat' dir='ltr'><strong>ipsorum</strong></span> <span class='ocrx_word' id='word_1_6' title='bbox 834 661 953 739; x_wconf 87' lang='lat' dir='ltr'><strong>ordini</strong></span> <span class='ocrx_word' id='word_1_7' title='bbox 974 676 1237 760; x_wconf 78' lang='lat' dir='ltr'>congruentes,</span> <span class='ocrx_word' id='word_1_8' title='bbox 1369 754 1375 785; x_wconf 40' lang='lat'>‚</span> 
     </span>
     <span class='ocr_line' id='line_1_3' title="bbox 206 778 1382 879; baseline -0.004 -21"><span class='ocrx_word' id='word_1_9' title='bbox 206 782 423 860; x_wconf 74' lang='lat' dir='ltr'><strong>abstrahant</strong></span> <span class='ocrx_word' id='word_1_10' title='bbox 436 778 472 855; x_wconf 90' lang='lat' dir='ltr'><strong>se</strong></span> <span class='ocrx_word' id='word_1_11' title='bbox 493 783 601 859; x_wconf 92' lang='lat' dir='ltr'><strong>etiam</strong></span> <span class='ocrx_word' id='word_1_12' title='bbox 630 803 655 856; x_wconf 88' lang='lat' dir='ltr'><strong>a</strong></span> <span class='ocrx_word' id='word_1_13' title='bbox 677 779 992 879; x_wconf 79' lang='lat' dir='ltr'><strong>negociocionibus</strong></span> <span class='ocrx_word' id='word_1_14' title='bbox 1014 779 1112 874; x_wconf 83' lang='lat' dir='ltr'>turpi</span> <span class='ocrx_word' id='word_1_15' title='bbox 1131 780 1235 857; x_wconf 84' lang='lat' dir='ltr'><strong>lucro</strong></span> <span class='ocrx_word' id='word_1_16' title='bbox 1293 814 1297 821; x_wconf 93' lang='lat'>·</span> <span class='ocrx_word' id='word_1_17' title='bbox 1379 828 1382 835; x_wconf 92' lang='lat'>-</span> 
     </span>
    </p>
   </div>
   <div class='ocr_carea' id='block_1_3' title="bbox 183 894 1283 1774">
    <p class='ocr_par' dir='ltr' id='par_1_3' title="bbox 183 894 1283 1774">
     <span class='ocr_line' id='line_1_4' title="bbox 208 894 1236 997; baseline -0.002 -18"><span class='ocrx_word' id='word_1_18' title='bbox 208 900 440 979; x_wconf 68' lang='lat' dir='ltr'>feneratione</span> <span class='ocrx_word' id='word_1_19' title='bbox 456 894 763 997; x_wconf 83' lang='lat' dir='ltr'><strong>impignoratione</strong></span> <span class='ocrx_word' id='word_1_20' title='bbox 784 896 967 971; x_wconf 89' lang='lat' dir='ltr'><strong>bonorum</strong></span> <span class='ocrx_word' id='word_1_21' title='bbox 992 895 1236 977; x_wconf 80' lang='lat' dir='ltr'><strong>immobilium</strong></span> 
     </span>
     <span class='ocr_line' id='line_1_5' title="bbox 207 1004 1283 1109; baseline -0.005 -21"><span class='ocrx_word' id='word_1_22' title='bbox 207 1008 397 1089; x_wconf 76' lang='lat' dir='ltr'><strong>fructibus</strong></span> <span class='ocrx_word' id='word_1_23' title='bbox 428 1008 578 1083; x_wconf 84' lang='lat' dir='ltr'><strong>mmime</strong></span> <span class='ocrx_word' id='word_1_24' title='bbox 608 1006 825 1101; x_wconf 88' lang='lat' dir='ltr'><strong>computatis</strong></span> <span class='ocrx_word' id='word_1_25' title='bbox 852 1004 1044 1101; x_wconf 71' lang='lat' dir='ltr'><strong>insontem</strong></span> <span class='ocrx_word' id='word_1_26' title='bbox 1073 1007 1236 1109; x_wconf 71' lang='lat' dir='ltr'><strong>&amp;usura</strong></span> <span class='ocrx_word' id='word_1_27' title='bbox 1275 1074 1283 1109; x_wconf 16' lang='grc' dir='ltr'><strong>ι.</strong></span> 
     </span>
     <span class='ocr_line' id='line_1_6' title="bbox 208 1117 1235 1219; baseline 0.009 -24"><span class='ocrx_word' id='word_1_28' title='bbox 208 1143 283 1216; x_wconf 83' lang='lat' dir='ltr'><strong>quo</strong></span> <span class='ocrx_word' id='word_1_29' title='bbox 302 1137 457 1219; x_wconf 85' lang='lat' dir='ltr'><strong>propter</strong></span> <span class='ocrx_word' id='word_1_30' title='bbox 474 1119 671 1195; x_wconf 78' lang='lat' dir='ltr'><strong>avariciam</strong></span> <span class='ocrx_word' id='word_1_31' title='bbox 687 1117 768 1195; x_wconf 93' lang='lat' dir='ltr'><strong>sunt</strong></span> <span class='ocrx_word' id='word_1_32' title='bbox 778 1121 958 1195; x_wconf 84' lang='lat' dir='ltr'><strong>idolorum</strong></span> <span class='ocrx_word' id='word_1_33' title='bbox 968 1119 1122 1199; x_wconf 86' lang='lat' dir='ltr'><strong>servitus</strong></span> <span class='ocrx_word' id='word_1_34' title='bbox 1139 1131 1235 1204; x_wconf 85' lang='lat' dir='ltr'><strong>mui-</strong></span> 
     </span>
     <span class='ocr_line' id='line_1_7' title="bbox 208 1232 1235 1333; baseline 0.008 -20"><span class='ocrx_word' id='word_1_35' title='bbox 208 1254 339 1313; x_wconf 88' lang='lat' dir='ltr'><strong>torum</strong></span> <span class='ocrx_word' id='word_1_36' title='bbox 354 1238 490 1314; x_wconf 86' lang='lat' dir='ltr'><strong>animas</strong></span> <span class='ocrx_word' id='word_1_37' title='bbox 505 1235 686 1333; x_wconf 81' lang='lat' dir='ltr'><strong>exquifitis</strong></span> <span class='ocrx_word' id='word_1_38' title='bbox 702 1234 892 1312; x_wconf 78' lang='lat' dir='ltr'><strong>fraudibus</strong></span> <span class='ocrx_word' id='word_1_39' title='bbox 913 1232 1120 1316; x_wconf 81' lang='lat' dir='ltr'><strong>execrantes</strong></span> <span class='ocrx_word' id='word_1_40' title='bbox 1141 1266 1163 1319; x_wconf 87' lang='lat' dir='ltr'><strong>a</strong></span> <span class='ocrx_word' id='word_1_41' title='bbox 1179 1262 1235 1321; x_wconf 87' lang='lat' dir='ltr'><strong>ta-</strong></span> 
     </span>
     <span class='ocr_line' id='line_1_8' title="bbox 183 1345 1235 1456; baseline 0.008 -31"><span class='ocrx_word' id='word_1_42' title='bbox 183 1347 338 1425; x_wconf 82' lang='lat' dir='ltr'><strong>bernis</strong></span> <span class='ocrx_word' id='word_1_43' title='bbox 363 1348 400 1425; x_wconf 73' lang='lat' dir='ltr'><strong>o</strong></span> <span class='ocrx_word' id='word_1_44' title='bbox 430 1346 704 1431; x_wconf 80' lang='lat' dir='ltr'><strong>cohabitacione</strong></span> <span class='ocrx_word' id='word_1_45' title='bbox 725 1345 911 1423; x_wconf 85' lang='lat' dir='ltr'><strong>manifesta</strong></span> <span class='ocrx_word' id='word_1_46' title='bbox 934 1404 944 1423; x_wconf 92' lang='lat'><strong>.</strong></span> <span class='ocrx_word' id='word_1_47' title='bbox 971 1408 980 1427; x_wconf 90' lang='lat'><strong>.</strong></span> <span class='ocrx_word' id='word_1_48' title='bbox 1007 1350 1139 1433; x_wconf 83' lang='lat' dir='ltr'><strong>Scituri</strong></span> <span class='ocrx_word' id='word_1_49' title='bbox 1164 1381 1235 1456; x_wconf 92' lang='lat' dir='ltr'><strong>pro</strong></span> 
     </span>
     <span class='ocr_line' id='line_1_9' title="bbox 209 1457 1232 1558; baseline 0.01 -18"><span class='ocrx_word' id='word_1_50' title='bbox 209 1478 315 1540; x_wconf 85' lang='lat' dir='ltr'><strong>certo</strong></span> <span class='ocrx_word' id='word_1_51' title='bbox 330 1461 429 1558; x_wconf 92' lang='lat' dir='ltr'><strong>quod</strong></span> <span class='ocrx_word' id='word_1_52' title='bbox 450 1458 477 1533; x_wconf 80' lang='lat' dir='ltr'><strong>su</strong></span> <span class='ocrx_word' id='word_1_53' title='bbox 495 1460 532 1534; x_wconf 89' lang='lat' dir='ltr'><strong>in</strong></span> <span class='ocrx_word' id='word_1_54' title='bbox 542 1457 609 1551; x_wconf 87' lang='lat' dir='ltr'><strong>hijs</strong></span> <span class='ocrx_word' id='word_1_55' title='bbox 625 1460 764 1556; x_wconf 83' lang='lat' dir='ltr'><strong>aliquos</strong></span> <span class='ocrx_word' id='word_1_56' title='bbox 780 1461 978 1556; x_wconf 84' lang='lat' dir='ltr'><strong>culpabiles</strong></span> <span class='ocrx_word' id='word_1_57' title='bbox 986 1465 1232 1550; x_wconf 82' lang='lat' dir='ltr'><strong>invenerimus</strong></span> 
     </span>
     <span class='ocr_line' id='line_1_10' title="bbox 208 1570 1233 1688; baseline 0.012 -34"><span class='ocrx_word' id='word_1_58' title='bbox 208 1600 274 1655; x_wconf 87' lang='lat' dir='ltr'><strong>eos</strong></span> <span class='ocrx_word' id='word_1_59' title='bbox 297 1575 527 1676; x_wconf 80' lang='lat' dir='ltr'><strong>castigatione</strong></span> <span class='ocrx_word' id='word_1_60' title='bbox 550 1574 671 1649; x_wconf 87' lang='lat' dir='ltr'><strong>debita</strong></span> <span class='ocrx_word' id='word_1_61' title='bbox 686 1576 910 1677; x_wconf 79' lang='lat' dir='ltr'><strong>corrigemus</strong></span> <span class='ocrx_word' id='word_1_62' title='bbox 926 1570 1120 1665; x_wconf 83' lang='lat' dir='ltr'><strong>secmourn</strong></span> <span class='ocrx_word' id='word_1_63' title='bbox 1135 1591 1233 1688; x_wconf 89' lang='lat' dir='ltr'><strong>qood</strong></span> 
     </span>
     <span class='ocr_line' id='line_1_11' title="bbox 209 1691 884 1774; baseline -0.006 0"><span class='ocrx_word' id='word_1_64' title='bbox 209 1698 262 1774; x_wconf 87' lang='lat' dir='ltr'><strong>est</strong></span> <span class='ocrx_word' id='word_1_65' title='bbox 276 1697 317 1771; x_wconf 81' lang='lat' dir='ltr'><strong>in</strong></span> <span class='ocrx_word' id='word_1_66' title='bbox 338 1691 446 1771; x_wconf 86' lang='lat' dir='ltr'><strong>sacris</strong></span> <span class='ocrx_word' id='word_1_67' title='bbox 464 1691 661 1768; x_wconf 83' lang='lat' dir='ltr'><strong>canonibus</strong></span> <span class='ocrx_word' id='word_1_68' title='bbox 678 1691 884 1771; x_wconf 86' lang='lat' dir='ltr'><strong>diffinitum.</strong></span> 
     </span>
    </p>
   </div>
   <div class='ocr_carea' id='block_1_4' title="bbox 208 1867 1233 2168">
    <p class='ocr_par' dir='ltr' id='par_1_4' title="bbox 208 1867 1233 2168">
     <span class='ocr_line' id='line_1_12' title="bbox 208 1867 1233 1992; baseline 0.015 -26"><span class='ocrx_word' id='word_1_69' title='bbox 208 1867 1233 1992; x_wconf 40' lang='lat' dir='ltr'><strong>&amp;Qu</strong></span> 
     </span>
     <span class='ocr_line' id='line_1_13' title="bbox 644 2059 781 2168; baseline 0.007 -3"><span class='ocrx_word' id='word_1_70' title='bbox 644 2059 781 2168; x_wconf 79' lang='lat' dir='ltr'><strong>LXL</strong></span> 
     </span>
    </p>
   </div>
   <div class='ocr_carea' id='block_1_5' title="bbox 211 2209 1231 2475">
    <p class='ocr_par' dir='ltr' id='par_1_5' title="bbox 211 2209 1231 2475">
     <span class='ocr_line' id='line_1_14' title="bbox 211 2209 1231 2371; baseline -0.002 -13"><span class='ocrx_word' id='word_1_71' title='bbox 211 2265 394 2358; x_wconf 78' lang='lat' dir='ltr'><strong>sueuu</strong></span> <span class='ocrx_word' id='word_1_72' title='bbox 449 2209 650 2352; x_wconf 78' lang='lat' dir='ltr'><strong>Curua</strong></span> <span class='ocrx_word' id='word_1_73' title='bbox 704 2264 990 2358; x_wconf 70' lang='lat' dir='ltr'><strong>brunone</strong></span> <span class='ocrx_word' id='word_1_74' title='bbox 1047 2275 1231 2371; x_wconf 77' lang='lat' dir='ltr'><strong>uuum.</strong></span> 
     </span>
     <span class='ocr_line' id='line_1_15' title="bbox 457 2389 1016 2475; baseline 0.011 -7"><span class='ocrx_word' id='word_1_75' title='bbox 457 2391 627 2468; x_wconf 81' lang='lat' dir='ltr'><strong>NENTE</strong></span> <span class='ocrx_word' id='word_1_76' title='bbox 652 2389 981 2475; x_wconf 79' lang='lat' dir='ltr'><strong>CHORALIBUS.</strong></span> <span class='ocrx_word' id='word_1_77' title='bbox 1013 2444 1016 2451; x_wconf 92' lang='lat'>·</span> 
     </span>
    </p>
   </div>
   <div class='ocr_carea' id='block_1_6' title="bbox 186 2553 1234 2665">
    <p class='ocr_par' dir='ltr' id='par_1_6' title="bbox 186 2553 1234 2665">
     <span class='ocr_line' id='line_1_16' title="bbox 186 2553 1234 2665; baseline 0.011 -31"><span class='ocrx_word' id='word_1_78' title='bbox 186 2639 192 2664; x_wconf 34' lang='grc' dir='ltr'>Ι</span> <span class='ocrx_word' id='word_1_79' title='bbox 250 2582 273 2633; x_wconf 95' lang='lat' dir='ltr'><strong>n</strong></span> <span class='ocrx_word' id='word_1_80' title='bbox 292 2557 440 2633; x_wconf 87' lang='lat' dir='ltr'><strong>nomine</strong></span> <span class='ocrx_word' id='word_1_81' title='bbox 454 2553 605 2631; x_wconf 89' lang='lat' dir='ltr'><strong>Domini</strong></span> <span class='ocrx_word' id='word_1_82' title='bbox 623 2553 758 2631; x_wconf 86' lang='lat' dir='ltr'><strong>Arnen.</strong></span> <span class='ocrx_word' id='word_1_83' title='bbox 809 2557 886 2634; x_wconf 83' lang='lat' dir='ltr'><strong>Nos</strong></span> <span class='ocrx_word' id='word_1_84' title='bbox 911 2561 1078 2638; x_wconf 86' lang='lat' dir='ltr'><strong>Henricus</strong></span> <span class='ocrx_word' id='word_1_85' title='bbox 1098 2565 1234 2665; x_wconf 89' lang='lat' dir='ltr'><strong>Prepo-</strong></span> 
     </span>
    </p>
   </div>
   <div class='ocr_carea' id='block_1_7' title="bbox 213 2668 1233 2892">
    <p class='ocr_par' dir='ltr' id='par_1_7' title="bbox 213 2668 1233 2892">
     <span class='ocr_line' id='line_1_17' title="bbox 274 2668 1233 2774; baseline 0.015 -26"><span class='ocrx_word' id='word_1_86' title='bbox 274 2668 1233 2774; x_wconf 68' lang='lat' dir='ltr'><strong>fitusiimninpusbecanustotumqueCapitulumEc-</strong></span> 
     </span>
     <span class='ocr_line' id='line_1_18' title="bbox 213 2779 1232 2892; baseline 0.004 -24"><span class='ocrx_word' id='word_1_87' title='bbox 213 2779 517 2868; x_wconf 81' lang='lat' dir='ltr'><strong>clesreMi&#39;ndensrs</strong></span> <span class='ocrx_word' id='word_1_88' title='bbox 530 2796 656 2855; x_wconf 91' lang='lat' dir='ltr'><strong>notum</strong></span> <span class='ocrx_word' id='word_1_89' title='bbox 667 2779 1090 2879; x_wconf 80' lang='lat' dir='ltr'><strong>eiiecupimusuniverfls</strong></span> <span class='ocrx_word' id='word_1_90' title='bbox 1102 2798 1232 2892; x_wconf 89' lang='lat' dir='ltr'><strong>quibus</strong></span> 
     </span>
    </p>
   </div>
   <div class='ocr_carea' id='block_1_8' title="bbox 213 2891 1360 2999">
    <p class='ocr_par' dir='ltr' id='par_1_8' title="bbox 213 2891 1360 2999">
     <span class='ocr_line' id='line_1_19' title="bbox 213 2891 1360 2999; baseline -0.002 -18"><span class='ocrx_word' id='word_1_91' title='bbox 213 2898 418 2983; x_wconf 82' lang='lat' dir='ltr'><strong>exhibitum</strong></span> <span class='ocrx_word' id='word_1_92' title='bbox 446 2893 558 2973; x_wconf 86' lang='lat' dir='ltr'><strong>fuerit</strong></span> <span class='ocrx_word' id='word_1_93' title='bbox 576 2891 719 2990; x_wconf 84' lang='lat' dir='ltr'><strong>presens</strong></span> <span class='ocrx_word' id='word_1_94' title='bbox 744 2895 917 2993; x_wconf 89' lang='lat' dir='ltr'><strong>scriptum</strong></span> <span class='ocrx_word' id='word_1_95' title='bbox 938 2907 1033 2999; x_wconf 90' lang='lat' dir='ltr'><strong>quod</strong></span> <span class='ocrx_word' id='word_1_96' title='bbox 1059 2912 1233 2988; x_wconf 78' lang='lat' dir='ltr'><strong>conradus</strong></span> <span class='ocrx_word' id='word_1_97' title='bbox 1355 2932 1360 2939; x_wconf 94' lang='lat'>·</span> 
     </span>
    </p>
   </div>
   <div class='ocr_carea' id='block_1_9' title="bbox 184 3009 1325 3566">
    <p class='ocr_par' dir='ltr' id='par_1_9' title="bbox 184 3009 1325 3566">
     <span class='ocr_line' id='line_1_20' title="bbox 213 3009 1325 3111; baseline 0.013 -22"><span class='ocrx_word' id='word_1_98' title='bbox 213 3017 255 3089; x_wconf 82' lang='lat' dir='ltr'><strong>de</strong></span> <span class='ocrx_word' id='word_1_99' title='bbox 277 3009 526 3107; x_wconf 78' lang='lat' dir='ltr'><strong>Haddmbusen</strong></span> <span class='ocrx_word' id='word_1_100' title='bbox 553 3009 711 3085; x_wconf 88' lang='lat' dir='ltr'><strong>vicarius</strong></span> <span class='ocrx_word' id='word_1_101' title='bbox 734 3012 853 3098; x_wconf 80' lang='lat' dir='ltr'><strong>noster</strong></span> <span class='ocrx_word' id='word_1_102' title='bbox 878 3026 1074 3111; x_wconf 81' lang='lat' dir='ltr'><strong>perpetuus</strong></span> <span class='ocrx_word' id='word_1_103' title='bbox 1108 3028 1229 3106; x_wconf 79' lang='lat' dir='ltr'><strong>nostro</strong></span> <span class='ocrx_word' id='word_1_104' title='bbox 1322 3096 1325 3103; x_wconf 92' lang='lat'><em>.</em></span> 
     </span>
     <span class='ocr_line' id='line_1_21' title="bbox 184 3122 1234 3222; baseline -0.002 -13"><span class='ocrx_word' id='word_1_105' title='bbox 184 3132 186 3137; x_wconf 76' lang='grc'><strong>’</strong></span> <span class='ocrx_word' id='word_1_106' title='bbox 211 3130 407 3209; x_wconf 61' lang='lat' dir='ltr'><strong>acc-edente</strong></span> <span class='ocrx_word' id='word_1_107' title='bbox 425 3122 594 3199; x_wconf 82' lang='lat' dir='ltr'><strong>consensu</strong></span> <span class='ocrx_word' id='word_1_108' title='bbox 612 3126 655 3198; x_wconf 93' lang='lat' dir='ltr'><strong>de</strong></span> <span class='ocrx_word' id='word_1_109' title='bbox 673 3123 841 3222; x_wconf 85' lang='lat' dir='ltr'><strong>penfione</strong></span> <span class='ocrx_word' id='word_1_110' title='bbox 863 3128 965 3202; x_wconf 86' lang='lat' dir='ltr'><strong>unius</strong></span> <span class='ocrx_word' id='word_1_111' title='bbox 988 3154 1109 3208; x_wconf 86' lang='lat' dir='ltr'><strong>marce</strong></span> <span class='ocrx_word' id='word_1_112' title='bbox 1132 3140 1234 3219; x_wconf 82' lang='lat' dir='ltr'><strong>Min.</strong></span> 
     </span>
     <span class='ocr_line' id='line_1_22' title="bbox 214 3237 1232 3337; baseline 0.002 -21"><span class='ocrx_word' id='word_1_113' title='bbox 214 3239 329 3318; x_wconf 85' lang='lat' dir='ltr'><strong>densrs</strong></span> <span class='ocrx_word' id='word_1_114' title='bbox 347 3262 453 3336; x_wconf 87' lang='lat' dir='ltr'><strong>quam</strong></span> <span class='ocrx_word' id='word_1_115' title='bbox 474 3237 584 3313; x_wconf 86' lang='lat' dir='ltr'><strong>habet</strong></span> <span class='ocrx_word' id='word_1_116' title='bbox 601 3238 637 3312; x_wconf 91' lang='lat' dir='ltr'><strong>in</strong></span> <span class='ocrx_word' id='word_1_117' title='bbox 656 3240 753 3337; x_wconf 85' lang='lat' dir='ltr'><strong>agris</strong></span> <span class='ocrx_word' id='word_1_118' title='bbox 777 3262 867 3335; x_wconf 86' lang='lat' dir='ltr'><strong>quos</strong></span> <span class='ocrx_word' id='word_1_119' title='bbox 889 3240 962 3336; x_wconf 87' lang='lat' dir='ltr'><strong>ipse</strong></span> <span class='ocrx_word' id='word_1_120' title='bbox 982 3266 1053 3319; x_wconf 89' lang='lat' dir='ltr'><strong>una</strong></span> <span class='ocrx_word' id='word_1_121' title='bbox 1070 3274 1151 3324; x_wconf 89' lang='lat' dir='ltr'><strong>cum</strong></span> <span class='ocrx_word' id='word_1_122' title='bbox 1164 3255 1232 3336; x_wconf 86' lang='lat' dir='ltr'><strong>Jo.</strong></span> 
     </span>
     <span class='ocr_line' id='line_1_23' title="bbox 212 3349 1231 3448; baseline 0 -19"><span class='ocrx_word' id='word_1_123' title='bbox 212 3356 323 3429; x_wconf 77' lang='lat' dir='ltr'><strong>bonne</strong></span> <span class='ocrx_word' id='word_1_124' title='bbox 345 3354 390 3426; x_wconf 91' lang='lat' dir='ltr'><strong>de</strong></span> <span class='ocrx_word' id='word_1_125' title='bbox 413 3349 532 3448; x_wconf 81' lang='lat' dir='ltr'><strong>Elsede</strong></span> <span class='ocrx_word' id='word_1_126' title='bbox 551 3350 777 3444; x_wconf 87' lang='lat' dir='ltr'><strong>comparavit</strong></span> <span class='ocrx_word' id='word_1_127' title='bbox 801 3351 905 3426; x_wconf 84' lang='lat' dir='ltr'><strong>chori</strong></span> <span class='ocrx_word' id='word_1_128' title='bbox 928 3350 1157 3436; x_wconf 70' lang='lat' dir='ltr'><strong>scholaribus</strong></span> <span class='ocrx_word' id='word_1_129' title='bbox 1176 3370 1231 3442; x_wconf 87' lang='lat' dir='ltr'><strong>vi.</strong></span> 
     </span>
     <span class='ocr_line' id='line_1_24' title="bbox 213 3456 1235 3566; baseline 0.003 -26"><span class='ocrx_word' id='word_1_130' title='bbox 213 3465 306 3566; x_wconf 87' lang='lat' dir='ltr'><strong>giuti</strong></span> <span class='ocrx_word' id='word_1_131' title='bbox 324 3461 454 3560; x_wconf 81' lang='lat' dir='ltr'><strong>solidos</strong></span> <span class='ocrx_word' id='word_1_132' title='bbox 477 3460 552 3554; x_wconf 85' lang='lat' dir='ltr'><strong>post</strong></span> <span class='ocrx_word' id='word_1_133' title='bbox 572 3460 711 3533; x_wconf 90' lang='lat' dir='ltr'><strong>obitum</strong></span> <span class='ocrx_word' id='word_1_134' title='bbox 740 3456 842 3534; x_wconf 90' lang='lat' dir='ltr'><strong>suum</strong></span> <span class='ocrx_word' id='word_1_135' title='bbox 871 3463 1060 3563; x_wconf 70' lang='lat' dir='ltr'><strong>legavit&amp;</strong></span> <span class='ocrx_word' id='word_1_136' title='bbox 1081 3478 1235 3557; x_wconf 81' lang='lat' dir='ltr'><strong>contulit</strong></span> 
     </span>
    </p>
   </div>
   <div class='ocr_carea' id='block_1_10' title="bbox 209 3574 1233 3802">
    <p class='ocr_par' dir='ltr' id='par_1_10' title="bbox 209 3574 1233 3802">
     <span class='ocr_line' id='line_1_25' title="bbox 210 3574 1231 3689; baseline 0 -33"><span class='ocrx_word' id='word_1_137' title='bbox 210 3579 277 3656; x_wconf 80' lang='lat' dir='ltr'><strong>sub</strong></span> <span class='ocrx_word' id='word_1_138' title='bbox 297 3582 365 3654; x_wconf 91' lang='lat' dir='ltr'><strong>hac</strong></span> <span class='ocrx_word' id='word_1_139' title='bbox 384 3579 503 3654; x_wconf 88' lang='lat' dir='ltr'><strong>forma</strong></span> <span class='ocrx_word' id='word_1_140' title='bbox 523 3577 619 3672; x_wconf 87' lang='lat' dir='ltr'><strong>quod</strong></span> <span class='ocrx_word' id='word_1_141' title='bbox 635 3575 670 3650; x_wconf 92' lang='lat' dir='ltr'><strong>in</strong></span> <span class='ocrx_word' id='word_1_142' title='bbox 687 3574 857 3650; x_wconf 83' lang='lat' dir='ltr'><strong>festorum</strong></span> <span class='ocrx_word' id='word_1_143' title='bbox 876 3577 1039 3672; x_wconf 86' lang='lat' dir='ltr'><strong>quolibet</strong></span> <span class='ocrx_word' id='word_1_144' title='bbox 1053 3582 1231 3689; x_wconf 78' lang='lat' dir='ltr'><strong>i&#39;ubt&#39;crip.</strong></span> 
     </span>
     <span class='ocr_line' id='line_1_26' title="bbox 209 3687 1233 3802; baseline 0.002 -30"><span class='ocrx_word' id='word_1_145' title='bbox 209 3714 335 3772; x_wconf 84' lang='lat' dir='ltr'><strong>torum</strong></span> <span class='ocrx_word' id='word_1_146' title='bbox 363 3694 532 3769; x_wconf 87' lang='lat' dir='ltr'><strong>videlicet</strong></span> <span class='ocrx_word' id='word_1_147' title='bbox 555 3687 680 3785; x_wconf 83' lang='lat' dir='ltr'><strong>Pascbe</strong></span> <span class='ocrx_word' id='word_1_148' title='bbox 702 3691 921 3784; x_wconf 79' lang='lat' dir='ltr'><strong>Penrbecostes</strong></span> <span class='ocrx_word' id='word_1_149' title='bbox 944 3697 980 3769; x_wconf 91' lang='lat' dir='ltr'><strong>in</strong></span> <span class='ocrx_word' id='word_1_150' title='bbox 1004 3699 1233 3802; x_wconf 58' lang='lat' dir='ltr'><strong>Afforopcimae</strong></span> 
     </span>
    </p>
   </div>
   <div class='ocr_carea' id='block_1_11' title="bbox 163 3806 1235 4032">
    <p class='ocr_par' dir='ltr' id='par_1_11' title="bbox 163 3806 1235 4032">
     <span class='ocr_line' id='line_1_27' title="bbox 210 3806 1235 3919; baseline 0.01 -35"><span class='ocrx_word' id='word_1_151' title='bbox 210 3808 307 3885; x_wconf 80' lang='lat' dir='ltr'><strong>beate</strong></span> <span class='ocrx_word' id='word_1_152' title='bbox 325 3810 443 3884; x_wconf 79' lang='lat' dir='ltr'><strong>Mario</strong></span> <span class='ocrx_word' id='word_1_153' title='bbox 472 3807 504 3879; x_wconf 78' lang='lat' dir='ltr'><strong>tiz</strong></span> <span class='ocrx_word' id='word_1_154' title='bbox 532 3807 567 3880; x_wconf 93' lang='lat' dir='ltr'><strong>in</strong></span> <span class='ocrx_word' id='word_1_155' title='bbox 591 3806 792 3880; x_wconf 78' lang='lat' dir='ltr'><strong>Ii&#39;otior&#39;rate</strong></span> <span class='ocrx_word' id='word_1_156' title='bbox 809 3806 950 3882; x_wconf 80' lang='lat' dir='ltr'><strong>Domini</strong></span> <span class='ocrx_word' id='word_1_157' title='bbox 973 3810 1112 3908; x_wconf 84' lang='lat' dir='ltr'><strong>semper</strong></span> <span class='ocrx_word' id='word_1_158' title='bbox 1131 3827 1235 3919; x_wconf 79' lang='lat' dir='ltr'><strong>quin.</strong></span> 
     </span>
     <span class='ocr_line' id='line_1_28' title="bbox 163 3915 1234 4032; baseline 0.013 -40"><span class='ocrx_word' id='word_1_159' title='bbox 163 3942 167 3949; x_wconf 92' lang='lat'>·</span> <span class='ocrx_word' id='word_1_160' title='bbox 209 3943 283 4017; x_wconf 87' lang='lat' dir='ltr'><strong>que</strong></span> <span class='ocrx_word' id='word_1_161' title='bbox 303 3915 431 3991; x_wconf 82' lang='lat' dir='ltr'><strong>solidos</strong></span> <span class='ocrx_word' id='word_1_162' title='bbox 453 3915 675 4010; x_wconf 77' lang='lat' dir='ltr'><strong>percipient,</strong></span> <span class='ocrx_word' id='word_1_163' title='bbox 701 3937 745 3989; x_wconf 88' lang='lat' dir='ltr'><strong>ne</strong></span> <span class='ocrx_word' id='word_1_164' title='bbox 767 3934 854 3991; x_wconf 86' lang='lat' dir='ltr'><strong>tunc</strong></span> <span class='ocrx_word' id='word_1_165' title='bbox 870 3924 1070 4001; x_wconf 86' lang='lat' dir='ltr'><strong>mendicent</strong></span> <span class='ocrx_word' id='word_1_166' title='bbox 1088 3933 1145 4005; x_wconf 80' lang='lat' dir='ltr'><strong>sed</strong></span> <span class='ocrx_word' id='word_1_167' title='bbox 1167 3959 1234 4032; x_wconf 91' lang='lat' dir='ltr'><strong>po-</strong></span> 
     </span>
    </p>
   </div>
   <div class='ocr_carea' id='block_1_12' title="bbox 208 4031 1232 4252">
    <p class='ocr_par' dir='ltr' id='par_1_12' title="bbox 208 4031 1232 4252">
     <span class='ocr_line' id='line_1_29' title="bbox 209 4031 1232 4144; baseline 0.008 -29"><span class='ocrx_word' id='word_1_168' title='bbox 209 4039 289 4115; x_wconf 87' lang='lat' dir='ltr'><strong>cius</strong></span> <span class='ocrx_word' id='word_1_169' title='bbox 311 4035 394 4111; x_wconf 86' lang='lat' dir='ltr'><strong>inde</strong></span> <span class='ocrx_word' id='word_1_170' title='bbox 416 4031 697 4112; x_wconf 88' lang='lat' dir='ltr'><strong>consolacionem</strong></span> <span class='ocrx_word' id='word_1_171' title='bbox 717 4036 875 4112; x_wconf 84' lang='lat' dir='ltr'><strong>habeant</strong></span> <span class='ocrx_word' id='word_1_172' title='bbox 897 4043 1110 4144; x_wconf 68' lang='lat' dir='ltr'><strong>aliqualem,</strong></span> <span class='ocrx_word' id='word_1_173' title='bbox 1149 4057 1232 4134; x_wconf 76' lang='lat' dir='ltr'><strong>rofi.</strong></span> 
     </span>
     <span class='ocr_line' id='line_1_30' title="bbox 208 4142 1232 4252; baseline 0.017 -23"><span class='ocrx_word' id='word_1_174' title='bbox 208 4155 303 4229; x_wconf 83' lang='lat' dir='ltr'><strong>duos</strong></span> <span class='ocrx_word' id='word_1_175' title='bbox 332 4168 423 4223; x_wconf 81' lang='lat' dir='ltr'><strong>vero</strong></span> <span class='ocrx_word' id='word_1_176' title='bbox 446 4161 607 4244; x_wconf 70' lang='lat' dir='ltr'><strong>,quatuor</strong></span> <span class='ocrx_word' id='word_1_177' title='bbox 642 4142 772 4224; x_wconf 85' lang='lat' dir='ltr'><strong>solidos</strong></span> <span class='ocrx_word' id='word_1_178' title='bbox 806 4152 842 4226; x_wconf 91' lang='lat' dir='ltr'><strong>in</strong></span> <span class='ocrx_word' id='word_1_179' title='bbox 882 4156 1041 4252; x_wconf 82' lang='lat' dir='ltr'><strong>ejusdem</strong></span> <span class='ocrx_word' id='word_1_180' title='bbox 1072 4165 1232 4246; x_wconf 81' lang='lat' dir='ltr'><strong>Conradi</strong></span> 
     </span>
    </p>
   </div>
   <div class='ocr_carea' id='block_1_13' title="bbox 1065 4281 1186 4358">
    <p class='ocr_par' dir='ltr' id='par_1_13' title="bbox 1065 4281 1186 4358">
     <span class='ocr_line' id='line_1_31' title="bbox 1065 4281 1186 4358; baseline 0.033 -3"><span class='ocrx_word' id='word_1_181' title='bbox 1065 4281 1186 4358; x_wconf 75' lang='lat' dir='ltr'><strong>Autu-</strong></span> 
     </span>
    </p>
   </div>
   <div class='ocr_carea' id='block_1_14' title="bbox 0 0 1568 4934">
    <p class='ocr_par' dir='ltr' id='par_1_14' title="bbox 0 0 1568 4934">
     <span class='ocr_line' id='line_1_32' title="bbox 0 0 1568 4934; baseline 0 1"><span class='ocrx_word' id='word_1_182' title='bbox 0 0 1568 4934; x_wconf 95' lang='lat' dir='ltr'><strong> </strong></span> 
     </span>
    </p>
   </div>
  </div>
 </body>
</html>
