3125 4934
649 470 920 540 mm
1182 482 1354 561 mt-

267 686 416 748 narutn
433 665 469 743 d
485 665 583 745 infra
610 665 726 765 ipsum
748 663 891 765 pulsam
913 660 1153 742 familiaribus
1173 655 1302 735 dser-

275 782 461 859 vituribus
482 778 740 878 nastrisdelijs
758 775 1007 875 prebendariis
1024 773 1298 852 ministrandum

241 888 245 895 ’
265 894 308 971 ἀ
327 910 372 971 ut
386 896 499 974 moris
517 895 567 972 est
591 893 893 985 distribuendum,
917 890 1022 987 fiqlli
1036 909 1126 965 vero
1142 885 1299 962 familia·

267 1024 330 1082 res
354 1008 389 1085 dr
415 1008 610 1119 servitutes
633 1008 744 1085 nostri
763 1021 829 1084 aut
844 1005 906 1106 alij
921 1006 1140 1139 quicumque
1160 998 1298 1076 ibidem

266 1121 368 1200 infre
386 1125 525 1207 dilium
544 1122 689 1231 pplsnm
706 1121 890 1220 presentes
912 1144 985 1199 non
1003 1120 1141 1199 fuermt
1152 1131 1216 1192 aut
1231 1115 1298 1191 du·

266 1251 375 1314 rante
400 1237 497 1316 dieta
512 1238 764 1317 distributione
785 1259 858 1313 uun
880 1236 1072 1329 venerint,
1102 1231 1173 1308 illis
1192 1226 1296 1326 panis

264 1343 478 1440 huiusmodi
500 1350 600 1429 falla
625 1349 878 1426 distributione
897 1347 994 1426 dieta
1017 1370 1085 1445 pro
1114 1362 1295 1421 mnenon

260 1460 549 1558 ministrabitur,
599 1461 660 1541 sed
701 1462 785 1560 ipsu
818 1460 1067 1540 reservabitur
1099 1469 1215 1557 usque
1247 1456 1295 1532 ad

266 1579 367 1655 diem
395 1580 600 1677 proximam
620 1601 692 1676 qua
718 1578 841 1661 amitis
864 1577 1068 1655 distributio
1093 1576 1177 1669 fiet,
1199 1573 1234 1649 dr
1255 1572 1298 1691 ut

263 1689 438 1767 statutum
460 1690 693 1768 &ordinatio
708 1687 916 1787 hujusmodl
939 1687 1202 1789 inviolabiliter
1225 1685 1303 1759 ab·v
1413 1694 1416 1699 '

265 1799 462 1900 servetur,
486 1828 580 1904 pena
593 1807 684 1884 illud
700 1807 840 1882 vallare
857 1794 1085 1882 decrevimus
1097 1800 1193 1878 infra
1209 1790 1313 1877 seri·¹

261 1935 331 2021 pta
351 1919 523 1998 videlieet
539 1937 582 1998 ut
596 1921 818 2000 camerarius
840 1924 976 1999 habens
1000 1924 1143 1997 elavem
1166 1919 1213 1993 ad
1237 1916 1293 1992 di·

262 2031 367 2117 dium
385 2032 625 2113 refellorium
637 2032 699 2111 seu
716 2058 894 2141 ernanum
912 2037 1070 2114 nostram
1089 2032 1293 2130 prebenda-

261 2145 341 2223 lem
363 2143 655 2227 srintradidone
674 2148 957 2252 &efflgnatione
972 2147 1135 2247 predidle
1150 2148 1293 2255 annana
1332 2208 1347 2243 ,

260 2259 444 2338 menfibus
461 2261 610 2365 fingulis
633 2278 676 2341 ut
716 2264 879 2341 refertur
897 2262 995 2343 dieto
1014 2261 1140 2362 pistori
1156 2259 1292 2363 sacien-
1322 2288 1326 2301 ¹

261 2372 311 2446 da
336 2373 520 2473 negligens
540 2372 653 2450 fuerit
685 2396 729 2450 eu
748 2374 912 2453 remillus
938 2397 1032 2473 pane
1047 2370 1111 2450 suo
1135 2372 1292 2467 preben-

261 2487 339 2563 dali
355 2490 499 2564 ratione
523 2488 631 2586 offleii
649 2488 699 2565 sui
721 2489 786 2568 fibi
812 2491 936 2566 debita
964 2513 1033 2588 per
1053 2513 1164 2568 unam
1183 2484 1292 2585 septi·

259 2626 407 2697 manum
434 2607 565 2682 totiens
600 2609 765 2704 quotiens
791 2608 1001 2704 hujusmodi
1024 2607 1288 2710 negligentiam
1412 2596 1414 2603 ’

258 2715 487 2796 commiserit
504 2731 627 2794 eareat
640 2715 676 2792 dr
689 2739 814 2796 carere
829 2717 960 2796 debeat
975 2739 1043 2816 per
1057 2714 1289 2793 cellerarium

257 2832 424 2916 nostrum
442 2832 505 2930 qui
520 2855 589 2930 pro
605 2849 772 2931 tempore
787 2831 900 2910 fuerit
916 2856 1025 2931 quam
1043 2832 1204 2930 primum
1219 2829 1288 2906 fibi

259 2953 309 3029 de
323 2950 534 3049 hujusmodi
561 2951 785 3052 negligentia
805 2949 1134 3029 eonstiteritaldem
1161 2947 1290 3024 came-

258 3061 363 3143 rario
390 3059 635 3138 subtrahenda
660 3061 749 3138 &ln
772 3057 856 3139 usus
879 3060 988 3160 ipstus
1012 3057 1203 3154 cellerarij
1223 3070 1287 3132 aut
1373 3156 1376 3163 .

255 3178 350 3263 alios
369 3172 451 3254 usus
468 3179 514 3253 de
533 3174 621 3253 scitu
641 3190 760 3253 tamen
785 3177 820 3253 e
839 3174 1009 3256 consensu
1022 3175 1134 3253 nollri
1151 3174 1287 3269 Prepa-

256 3299 368 3385 fine
388 3299 549 3398 Capituli
565 3303 845 3399 convertendo,
870 3301 897 3380 st
919 3322 1010 3378 vero
1036 3298 1150 3397 pistor
1173 3296 1212 3371 in
1227 3294 1288 3392 pis

255 3412 384 3497 stando.
400 3412 436 3488 dt
453 3413 590 3490 ditium
605 3435 736 3512 penem
753 3418 800 3491 ad
824 3415 961 3492 dilium
976 3411 1212 3491 tefedlorium
1230 3408 1285 3484 di-

257 3526 327 3603 etis
345 3525 462 3602 tribus
483 3525 610 3603 diebus
634 3529 671 3604 in
697 3528 860 3625 qualffiet
883 3527 1080 3626 septimana
1093 3540 1177 3602 ante
1200 3524 1285 3622 pul-

257 3641 337 3721 sum
354 3641 559 3740 primarum
584 3656 628 3718 ut
651 3645 879 3739 premittitur
901 3645 1129 3743 apportando
1149 3665 1192 3717 ae
1214 3642 1285 3717 Cd-

254 3757 409 3857 merarij
430 3759 540 3835 nostri
555 3760 710 3855 preuieu
733 3760 770 3835 in
789 3760 1083 3836 amministranda
1111 3742 1285 3831 &distri-¹.

256 3875 405 3958 buenda
428 3876 580 3952 eundem
600 3892 731 3972 panem
759 3875 863 3951 didlis
889 3876 1005 3952 tribus
1032 3874 1158 3949 diebus
1187 3872 1284 3949 infre

254 3988 404 4092 pulsum
429 3989 633 4086 preditlum
667 4007 780 4088 prout
811 3993 857 4066 ed
891 3990 985 4093 ipsos
1023 3989 1296 4086 &quemlibet

257 4102 422 4201 ipsoram
450 4105 590 4184 tatiane
613 4101 724 4205 officii
742 4103 860 4287 suibin
887 4096 1070 4209 pe'rtiuet,
1095 4107 1297 4207 negligere

290 4254 295 4263 1
869 4235 891 4305 3
1143 4217 1235 4296 tiam
