3125 4934
659 418 1256 531 m'aot

244 676 259 689 ··
277 639 407 718 tudine
418 661 485 735 per
502 638 723 718 canonicum
741 640 1230 729 Fcclefienoiirebdiodenfis
1248 661 1307 720 re-

273 761 314 865 gi
338 757 430 835 solet
448 763 506 836 vel
525 760 662 836 solebat
682 765 897 839 admittatur
914 765 971 839 vel
988 764 1131 838 admitti
1154 764 1308 855 permit·

271 890 400 983 tatur,
421 879 484 956 nist
504 880 704 956 eanonicus
734 880 977 976 prehendatur
1000 882 1036 957 dr
1060 886 1306 976 emancipatus

272 995 428 1088 opstat,
448 993 513 1071 ¹sed
527 997 735 1094 hujusmodi
751 998 892 1073 fruetus
904 996 945 1072 ab
961 999 1122 1074 redditos
1137 1020 1205 1094 per
1221 998 1306 1073 Cel·

269 1112 408 1189 larium
434 1104 595 1187 nostrum
622 1113 660 1189 in
683 1135 892 1189 communes
914 1114 997 1188 ulus
1015 1113 1175 1207 Capituli
1192 1111 1305 1189 nostri

270 1229 541 1305 convertendos
565 1227 721 1305 fideliter
737 1230 1194 1330 colligeomr‚.qttousqne
1216 1250 1302 1323 pcr-

266 1334 357 1415 sona
377 1336 454 1434 ipsa
481 1340 541 1416 cui
561 1343 605 1415 de
626 1339 708 1440 jore
737 1341 961 1432 debeantur,
985 1337 1020 1427 se
1047 1339 1155 1416 faciat
1175 1337 1300 1417 secun·

269 1459 358 1533 dum
388 1458 518 1532 statuta
539 1458 573 1533 dr
595 1448 870 1534 consuetudines
893 1456 988 1534 arne
1010 1456 1155 1535 ecclebe
1178 1459 1300 1537 nostra

269 1568 510 1664 mancipari.
538 1569 712 1668 &siquis
730 1573 792 1647 vel
820 1570 883 1669 qui
904 1592 969 1646 nos
992 1571 1028 1647 tlt
1048 1571 1206 1647 nostrum
1229 1571 1299 1646 ali·
1399 1632 1408 1647 .

268 1712 380 1789 qoem
402 1690 462 1763 vel
477 1689 617 1789 aliquos
634 1707 789 1788 propter
802 1690 1006 1790 presentem
1030 1689 1297 1767 ordinationem

266 1806 334 1883 vei·
344 1801 459 1900 ipsam
483 1805 746 1881 ordinationem
772 1808 881 1883 etiam
902 1805 1045 1899 anobis
1071 1804 1180 1880 bodie
1197 1802 1295 1891 insti,-

264 1934 400 2017 tutam,
419 1923 455 1997 in
471 1946 543 2020 qua
559 1940 726 2014 cavetur,
737 1947 782 2001 ne
795 1928 840 1999 de
852 1920 976 2000 cetero
993 1922 1123 2018 aliquis
1135 1919 1200 1996 nist
1214 1920 1293 1998 Do-

266 2034 663 2123 tioruLicentiatusin
680 2045 759 2140 jure
769 2042 952 2119 Canonico
965 2043 1022 2117 vel
1030 2040 1134 2139 civili
1151 2036 1293 2115 &sacre

265 2150 474 2256 'Ibeologie
496 2158 556 2232 vel
574 2157 759 2235 Medicina
773 2156 954 2234 facultatis
971 2154 1149 2255 Magister
1159 2155 1218 2243 vel
1230 2140 1293 2229 Liss

266 2271 615 2367 cantitatur-existat,
641 2274 738 2351 dede
757 2274 877 2373 nobili
893 2275 953 2349 vel
976 2272 1023 2347 ab
1047 2287 1203 2367 ottoque
1226 2291 1292 2366 pa·
1349 2361 1353 2367 ⁴

265 2402 373 2463 rente
399 2386 444 2459 de
470 2387 621 2462 militari
645 2412 781 2488 genere
807 2389 840 2462 di
864 2386 973 2462 thoro
986 2385 1150 2485 legitimo
1177 2381 1292 2458 fuerit

264 2515 482 2595 procreatus
497 2502 534 2575 in
551 2503 669 2578 nostre
686 2504 831 2580 ecclefie
841 2502 1063 2577 Canopicum
1074 2499 1289 2594 recipiatur,

263 2616 325 2697 vel
341 2616 388 2687 ad
406 2615 627 2710 prebendam
646 2620 857 2717 dignitatem
879 2615 1108 2712 personatum
1128 2613 1292 2689 officium

265 2730 455 2832 oblegium
474 2735 535 2809 vel
550 2737 765 2837 beneficium
783 2737 880 2833 quod
907 2735 1116 2830 errantique
1141 2730 1289 2807 consue·

263 2847 392 2921 tudine
415 2868 481 2941 per·
502 2850 714 2925 canonicum
742 2847 887 2924 ecclefie
907 2847 1114 2922 membrum
1135 2845 1213 2943 regi
1234 2844 1289 2917 Γο-

260 2957 1289 3061 lervelsolebatqooquomodoadmittatorseopermitta·

261 3101 325 3169 tur
339 3085 484 3163 admitti
502 3110 659 3188 gravare
675 3085 866 3160 molestare
884 3105 1018 3159 vexare
1044 3081 1289 3177 &perturba-

260 3220 304 3277 re
323 3198 362 3275 in
382 3196 517 3294 judicio
536 3202 594 3275 vel
622 3215 724 3274 extra
742 3195 838 3271 didio
857 3197 916 3270 vel
934 3193 1031 3270 ladio
1047 3194 1180 3269 &alias
1199 3217 1288 3292 qua-

260 3312 494 3406 litercunque
509 3313 732 3387 machinatus
743 3308 856 3384 fuerit
870 3309 1134 3387 velmaebinati
1149 3308 1289 3382 fuerint

261 3432 540 3526 attemptaverit
558 3435 616 3507 vel
633 3430 961 3526 attemptaverint,
983 3452 1046 3503 nos
1063 3452 1288 3505 onmcsuna-
1343 3487 1346 3492 .

260 3546 456 3635 nimivoto
468 3547 575 3619 rmllo
604 3543 825 3640 discrepante
841 3540 906 3639 ipsi
924 3544 981 3615 vel
1001 3540 1082 3637 ipfis
1099 3543 1287 3641 hujusmo-

261 3661 294 3736 di
311 3681 518 3762 gravamen
536 3662 824 3737 molestacionem
839 3661 1074 3745 venacionem
1091 3659 1124 3734 dr
1139 3678 1286 3756 pertor-

259 3775 445 3852 barionem
468 3775 640 3852 inferenti
666 3777 884 3852 machinanti
911 3779 968 3850 vel
996 3781 1225 3873 attemptanti
1251 3782 1288 3855 dt

259 3890 503 3969 inferentibus
520 3896 808 3970 machinantibus
826 3897 884 3968 vel
895 3898 1195 3989 attemptantibus·
1208 3921 1286 3975 om·

256 4007 363 4082 nibus
384 4004 519 4080 timore
543 4008 626 4082 odio
646 4030 799 4085 rancore
824 4029 951 4082 amore
977 4009 1010 4081 dr
1037 4007 1165 4107 favore
1189 4012 1287 4105 post.

253 4119 378 4218 postris
397 4118 600 4209 constanter
618 4143 843 4228 opponemus
870 4121 904 4225 dr
925 4117 1065 4229 caulam
1079 4112 1142 4198 ‘vel
1162 4110 1303 4200 causas¹

771 4239 859 4329 R3
1209 4235 1236 4312 st
