3125 4934
386 472 450 543 ’9ο
728 464 995 531 m

322 707 328 713 -
352 675 427 732 non
443 651 515 732 line
529 657 625 734 vicio
639 655 908 759 ingratitudinis
916 657 1070 758 ecclesrjs
1079 658 1381 759 quarumiutuitu

352 765 1381 877 adipsasreshujusmodideveneruntindiscretelargiun-

352 895 415 972 tur
424 885 599 962 donant&
621 885 1326 987 quaudoquedisponendascommittunt
1341 894 1379 972 in

340 995 479 1075 ¹ultima
494 1001 685 1091 *voluntate
708 1000 744 1077 in
754 998 997 1101 gravesalutis
1013 998 1075 1079 sue
1091 1000 1321 1100 dispendium
1342 1009 1378 1087 tle
1397 1070 1402 1091 1

309 1213 321 1222 „
350 1117 674 1227 contracanonicas
689 1115 1379 1212 senxiones,Nosvolentesuttenemur

322 1231 575 1325 ..subditotum
593 1231 763 1327 periculis
780 1229 817 1303 dt
840 1230 1106 1329 ingratitudinis
1132 1231 1230 1308 vicio
1256 1240 1375 1319 modis

348 1347 479 1448 quibus
498 1345 681 1443 possumus
695 1344 1015 1424 obviaredistritte
1023 1349 1260 1445 precipiendo
1270 1346 1374 1447 nran-

205 1448 207 1453 ¹
234 1526 236 1531 .
349 1467 475 1540 damus
485 1474 527 1535 ut
548 1461 667 1535 nullus
677 1457 829 1533 clericus
843 1459 1125 1536 nostrecivitatis
1135 1465 1195 1539 vel
1206 1464 1375 1542 diuubo-

255 1660 258 1667 ,
347 1606 395 1660 na
403 1600 531 1657 autres
542 1600 771 1675 quascunque
787 1597 854 1673 per
863 1576 976 1671 ipsum
994 1575 1126 1655 intuitu
1136 1577 1189 1656 sui
1207 1582 1373 1682 beneficii

343 1699 531 1796 acquisitas
553 1699 669 1778 donet
682 1708 745 1768 aut
759 1695 857 1794 leget
880 1692 1033 1790 ecclesis
1057 1694 1133 1805 five
1146 1699 1371 1797 monasteriis

345 1814 588 1914 autpersonis¹
623 1808 898 1912 quibuscunque
927 1815 991 1892 nifi
1022 1832 1197 1914 quatenus
1218 1844 1241 1894 a
1262 1819 1370 1899 sacris

238 2000 242 2017 ,
344 1935 542 2011 'canonibus
566 1917 857 2027 elipermill'nm,
881 1948 1093 2012 executores
1115 1924 1207 2011 vero
1221 1936 1370 2016 ultima-

343 2074 427 2131 rum
470 2051 699 2124 voluntatum
734 2045 795 2122 seu
833 2048 1065 2123 mannlideles
1091 2050 1170 2143 ‘qui
1209 2050 1257 2126 ab
1282 2052 1366 2149 ipfis

345 2166 486 2245 clericis
504 2162 766 2239 discedentibus
789 2161 926 2239 suerint
956 2166 1117 2260 deputati
1140 2164 1256 2241 statim
1285 2191 1366 2245 cor-

345 2305 438 2382 pore
452 2282 584 2357 tradito
601 2279 831 2355 ecclesiastice
846 2277 1029 2377 sepulture
1046 2282 1166 2357 omnia
1182 2279 1279 2359 bona
1296 2308 1365 2381 que

343 2394 492 2489 reliquit
509 2389 698 2466 dosunblus
716 2412 783 2466 nec
805 2413 876 2466 non
897 2391 1018 2466 debita
1039 2394 1157 2494 legata
1173 2413 1215 2467 ac
1233 2395 1365 2473 donata

338 2504 409 2610 per'
425 2505 539 2605 ipsum
555 2506 749 2608 diligenter
763 2505 828 2582 sub
846 2508 1048 2584 testimonio
1064 2508 1174 2584 trium
1190 2507 1362 2605 persona·
1399 2560 1402 2565 <

244 2656 246 2663 ’
339 2619 424 2706 r'um
440 2620 760 2700 Ecclefiasticarum
778 2619 1003 2699 conscribant
1024 2624 1269 2700 inventarium
1295 2624 1359 2702 sub

332 2739 463 2854 sgillis
479 2735 638 2835 ipsorum
655 2732 796 2826 testium
818 2739 985 2813 ordinent
1006 2739 1049 2814 dt·
1062 2738 1240 2813 rationem
1270 2737 1358 2820 saci·

337 2869 401 2956 ant
419 2849 689 2951 infremensem
709 2872 832 2927 coram
864 2850 1009 2928 officiali
1041 2851 1161 2928 nostro
1186 2851 1357 2932 debonis

338 2970 469 3049 debitis
485 2967 603 3061 &aliis
620 2963 846 3065 supradislis,
857 2993 923 3044 nec
936 2990 1007 3043 non
1023 2969 1065 3042 de
1082 2967 1294 3047 testamento
1315 2992 1356 3048 ae

335 3085 513 3165 univerfis
537 3085 720 3160 relislisdt
743 3085 898 3161 inventis
916 3087 959 3160 de
979 3084 1124 3160 consilio
1142 3085 1255 3174 nostri
1276 3088 1354 3167 offi-

334 3195 434 3278 cialis
450 3194 617 3271 ordinent
635 3193 671 3267 u
687 3190 873 3288 disponant
887 3193 1050 3289 alioquin
1070 3195 1114 3267 de
1140 3197 1351 3276 executione

332 3308 394 3388 seu
425 3307 707 3410 manufidelitate
740 3307 876 3384 eisdem
909 3298 1091 3382 commissa
1111 3302 1147 3382 se
1171 3305 1237 3382 sub
1261 3304 1352 3405 pene
1396 3400 1402 3409 ¹,

275 3436 279 3457 ¹
331 3421 564 3520 suspenfionis
585 3419 630 3495 ab
648 3419 764 3494 officio
787 3418 822 3493 tle
842 3417 1016 3494 beneficio
1035 3419 1106 3492 late
1125 3414 1300 3496 sententie
1314 3423 1351 3500 in

329 3536 400 3642 hijs
422 3543 561 3639 scriptis
579 3541 779 3637 nullatenus
803 3539 1065 3633 intromittant,
1099 3535 1160 3612 sed
1187 3538 1349 3620 officialis

329 3644 451 3734 noster
484 3659 544 3733 vel
577 3657 706 3752 quibus
732 3651 801 3730 hoc
831 3653 1033 3750 specialiter
1057 3651 1342 3734 commiserimus

308 3869 311 3874 ι
329 3771 429 3847 vices
447 3792 574 3846 eorum
592 3764 781 3866 suppleant
795 3769 833 3842 in
850 3767 924 3862 ¹bac
943 3780 1046 3860 parte
1064 3784 1104 3840 ut
1125 3782 1249 3841 autem
1272 3766 1344 3842 ele·

326 3883 490 3961 uicorum
506 3903 625 3969 mores
646 3879 840 3954 &habitus
862 3879 899 3953 in
922 3874 1048 3952 melius
1078 3877 1345 3966 reformentur,
1386 3880 1390 3893 “

325 4000 365 4074 in
389 4002 525 4075 virtute
548 3995 666 4072 sancte
690 3997 892 4072 obedientie
925 3998 1134 4072 nrarrdamus
1164 4014 1343 4095 quatenus

325 4117 449 4223 clerici
468 4117 586 4194 nostre
602 4117 758 4193 civitatis
778 4116 813 4192 <le
837 4117 936 4193 dioc:
971 4113 1156 4193 tonsuram
1185 4116 1346 4191 babeant

368 4257 370 4261 .
1256 4229 1342 4304 &a
