3125 4934
290 680 458 764 decrevit
472 680 646 762 heredem
663 681 898 763 medietatem
916 673 1096 780 sepediiie
1115 672 1229 763 curtis
1245 692 1318 791 que

289 803 338 885 ad
355 798 574 899 Capitulum
592 796 757 875 nostrum
781 793 1010 893 pertinebat,
1034 794 1125 875 licut
1148 795 1316 898 superius

288 916 343 1001 est
363 911 569 1013 exprellum
584 913 703 989 eidem
716 933 788 1011 pro
804 910 939 1015 viginti
956 911 1116 1023 quinque
1127 918 1260 998 marcis
1274 934 1316 998 ιιι

290 1029 510 1110 desideravit
524 1027 756 1111 vendidimus
774 1027 886 1109 nichil
901 1025 1034 1107 nobis
1021 1026 1122 1165 puris·
1123 1030 1316 1117 reservan-

282 1167 364 1245 tes,
387 1144 655 1245 postmodum
643 1169 682 1222 ιιι
698 1147 825 1223 eadem
844 1146 889 1220 de
907 1164 978 1243 qua
991 1146 1146 1241 pecunia
1164 1149 1254 1228 dicti
1275 1158 1312 1233 C

282 1252 457 1360 Pteposrti
480 1258 595 1339 saneti
619 1261 776 1338 Martini
797 1257 1017 1356 &Florentii
1047 1260 1134 1341 nitu
1156 1266 1316 1350 Boleman

279 1382 463 1480 quondam
499 1382 828 1459 concanonicorum
849 1380 1058 1459 nostrorum
1097 1380 1312 1468 consolatio.

154 1546 162 1564 ,
279 1516 345 1573 nes
360 1492 446 1575 inde
472 1492 611 1571 debitas
633 1494 939 1597 procuravimus,
959 1492 1106 1595 srngulis
1126 1500 1230 1583 annis
1250 1502 1312 1579 da·

283 1608 340 1699 ri,
364 1603 569 1702 sepedidlus
591 1625 684 1682 vero
709 1607 763 1682 N.
791 1604 950 1683 vicarius
972 1608 1019 1681 ad
1034 1607 1148 1685 altare
1169 1610 1209 1687 B.
1224 1611 1310 1690 illa·

279 1723 332 1803 rie
340 1722 503 1825 Virginis
519 1720 665 1799 ecclesse
680 1722 801 1799 nollre
815 1719 919 1819 cujus
932 1720 1308 1825 vicariusexillitpre·

155 1834 157 1839 ’
276 1840 418 1941 =didlam
434 1855 576 1919 curtem
596 1861 679 1917 curn
697 1836 865 1916 omnibus
883 1836 1079 1916 attinentiis
1103 1832 1175 1918 suis
1190 1839 1228 1917 in
1243 1846 1307 1921 do.

273 1952 354 2036 ‘tem
372 1974 589 2061 perpetuam
605 1957 761 2038 contulit
772 1954 954 2065 &solipite
962 1957 1158 2037 collocavit
1171 1943 1234 2057 pie
1248 1984 1307 2041 or·

277 2076 404 2156 dinanr
421 2077 630 2178 &provide
647 2077 806 2156 adiciens
822 2078 920 2175 quod
936 2076 1019 2154 inde
1029 2073 1118 2153 fiant
1132 2078 1204 2157 due
1219 2105 1305 2162 con·

275 2190 468 2309 solatiopes
489 2199 650 2297 capitulo
665 2198 788 2276 nostro
803 2194 849 2274 de
862 2193 1001 2272 duabus
1019 2192 1151 2271 marcis
1167 2200 1305 2277 unani·

275 2317 446 2395 delicet
432 2342 472 2396 an
495 2319 763 2400 Annivetsario
780 2331 983 2419 parentum
1015 2311 1164 2389 suorum
1189 2312 1306 2413 p'atris
1339 2410 1341 2417 ,

272 2431 401 2538 matris
434 2430 472 2509 dr
505 2432 630 2513 fratris
653 2432 709 2513 sui
743 2459 834 2534 quos
872 2433 910 2509 in
949 2427 1217 2509 fraternitatem
1241 2454 1303 2511 no·

271 2544 381 2620 liram
412 2544 616 2642 recepimus
639 2569 750 2646 quam
772 2547 894 2646 quoad
918 2540 1053 2619 vixerit
1073 2561 1141 2639 per
1178 2534 1215 2619 se
1238 2546 1300 2624 da-

274 2657 342 2737 bit.
391 2659 562 2740 Alteram
575 2686 666 2743 vero
682 2665 851 2745 Vicarins
866 2662 927 2760 qui
942 2662 979 2738 in
996 2652 1208 2791 vicarialibi
1221 2662 1301 2745 suc·

272 2770 446 2852 ccfferit
433 2800 472 2854 m
489 2774 757 2858 Anniversario
775 2777 884 2876 ipsius
902 2772 1042 2854 Nicolaz‘
1056 2773 1186 2891 vicari]
1177 2774 1300 2861 dabit

269 2918 343 2974 utta
362 2918 445 2977 cum
458 2915 543 2976 ante
557 2899 654 2978 dieta
669 2894 964 2977 consolatione&
985 2894 1156 2993 quicquid
1172 2898 1218 2975 de
1232 2898 1297 2979 bo·
1317 2896 1320 2901 ’

267 3014 325 3094 nis
338 3013 510 3112 prediiiis
526 3015 733 3094 excreverit
751 3014 788 3089 in
803 3008 886 3088 usus
904 3006 985 3086 suos
1001 3026 1204 3113 convertat.
1255 3014 1296 3097 ln

270 3129 461 3208 connattu
479 3146 601 3207 autem
618 3127 784 3229 predidlo
799 3123 992 3225 adjectum
988 3126 1073 3221 est,
1096 3130 1225 3227 quodst
1241 3133 1293 3211 di·

245 3246 347 3328 ¹dius
366 3252 419 3328 N.
440 3248 608 3348 Vicarius
624 3248 835 3327 infirmitate
851 3249 910 3325 vel
922 3249 996 3327 alia
1008 3236 1215 3337 necestitate
1233 3277 1293 3333 cn-

262 3338 928 3473 gentesuumbeneliciumrestgnaret
931 3382 1072 3444 curtem
1086 3358 1289 3473 predi'dlarn

200 3566 204 3583 ,
266 3485 488 3584 ubicumque
516 3482 688 3562 manserit
711 3483 940 3585 integraliter
955 3482 1129 3563 retinebit
1151 3486 1188 3563 dr
1204 3507 1289 3564 con-

232 3671 234 3674 .
263 3602 477 3683 solationem
494 3626 603 3736 quam
627 3599 853 3700 presentibus
877 3597 948 3677 suis
971 3596 1155 3681 conllituit
1174 3588 1289 3680 solvat

263 3718 446 3816 Capitulo
451 3719 659 3818 aunuatim,
676 3731 718 3794 ut
734 3731 854 3793 autern
869 3716 1040 3812 predidla
1051 3729 1288 3829 permaneant

259 3854 342 3917 rata
364 3834 534 3914 drrobur
559 3833 748 3908 obtineant
779 3831 901 3908 debite
934 3829 1124 3908 firmitatis
1139 3818 1285 3931 presens¹
1337 3864 1341 3891 ι

258 3951 452 4048 l'cripturn
455 3949 539 4023 inde
552 3944 764 4026 coniedlum
778 3942 1006 4023 Venerabilis
1029 3934 1141 4043 Patris
1159 3942 1196 4021 dt
1211 3934 1284 4023 Dii

259 4069 428 4167 Episcopi
445 4063 577 4142 ononis
608 4064 671 4140 Tb
689 4062 863 4193 Preposrti
880 4061 1043 4139 nostridz
1065 4059 1281 4167 capitulisr·

261 4184 359 4298 gillis
376 4180 528 4262 fecimus
554 4173 784 4255 communiri.
857 4172 975 4276 liujus
999 4175 1056 4255 rel
1079 4171 1280 4365 testerlsum

1196 4310 1232 4361 ο.

322 4411 343 4465 ι
