3125 4934
339 482 414 561 254
677 468 947 559 em

292 658 354 737 vei
388 656 605 739 admistionis
633 668 920 766 compntandum
947 672 1131 771 proditius
1157 703 1308 784 quatuor

291 812 431 867 mareas
443 790 577 871 seilicet
595 794 681 870 duas
697 799 744 869 ad
759 802 957 883 armarium
968 806 1057 881 duas
1073 812 1120 885 ad
1138 816 1306 897 dornsi'to·

288 918 384 996 rium
401 934 512 1017 prout
527 920 627 1017 prius
645 920 875 999 constitutum
892 924 1014 1007 fuerat
1029 930 1132 1009 dabit
1149 936 1185 1011 u
1206 940 1305 1020 exsol-

289 1060 368 1135 vet,
385 1042 472 1119 alias
487 1058 607 1118 auteur
628 1040 710 1117 osio
727 1066 866 1121 marcas
883 1036 1147 1151 puta'quatoor
1163 1082 1236 1155 que
1249 1085 1306 1157 pro

287 1155 561 1256 comparatione
586 1156 779 1235 &fassura
802 1156 1011 1261 hujusmodi
1037 1170 1166 1249 vexilli
1184 1174 1306 1253 daban·

285 1293 372 1371 tur,
396 1299 463 1351 nec
483 1296 553 1349 non
575 1288 882 1371 quatuormareas
901 1270 1056 1383 pretnffl
1081 1288 1223 1369 valoris
1245 1316 1305 1389 que
1331 1358 1333 1363 .

286 1390 334 1471 ad
350 1382 558 1485 hujusmodi
570 1384 678 1485 iudos
695 1382 728 1459 (b
745 1384 914 1462 convivia
926 1388 1202 1497 tribuebantur,
1218 1402 1304 1487 idern
1331 1406 1333 1423 '

285 1510 332 1582 ad
352 1506 545 1583 utilitatem
570 1499 709 1601 fabrice
731 1500 827 1579 diste
844 1506 962 1582 nostre
978 1510 1136 1589 Eeeieiie
1161 1540 1234 1615 que
1252 1524 1302 1597 eo'·
1329 1530 1333 1605 ἓ

285 1610 374 1699 tidie
398 1640 468 1717 pro
491 1614 553 1691 sua
579 1616 809 1713 reparatione
826 1620 974 1720 magnis
1004 1642 1088 1727 eget
1106 1624 1301 1733 sumptibus
1328 1608 1333 1681 ἶ

283 1736 465 1835 Magistro
486 1730 592 1827 ipsius
612 1728 751 1807 fabrice
766 1730 862 1807 infra
878 1737 1031 1814 eundem
1047 1736 1302 1825 ternrinurnea
1331 1796 1333 1813 ι

281 1850 435 1927 nuncin
458 1864 565 1924 antea
587 1844 688 1922 dabit
712 1849 748 1922 in
771 1848 918 1925 florenis
945 1850 1027 1930 auri
1051 1854 1142 1935 boni
1167 1860 1201 1935 u
1227 1856 1300 1965 joni

280 1970 452 2073 ponderis
468 1958 570 2066 justa
592 1966 853 2047 estimationem
874 1991 1126 2066 prenarratam
1145 1980 1297 2087 integra

280 2084 366 2165 liter
387 2078 623 2181 &persolvet
646 2102 834 2178 quousque
861 2106 926 2160 nos
943 2084 989 2161 de
1006 2090 1185 2184 premissis
1209 2090 1299 2175 forta

279 2182 387 2277 aiiter
406 2196 615 2274 duxerimus
636 2190 919 2289 disponendum,
943 2202 1040 2296 quod
1065 2207 1215 2301 quidem
1239 2210 1298 2295 sta·

278 2334 398 2399 tutum
422 2310 568 2413 presens
592 2310 748 2409 quilibet
761 2314 976 2393 senonicus
1002 2317 1160 2403 Ecclesse
1185 2328 1311 2407 nossre-

278 2430 445 2530 prediste
472 2443 640 2523 ternpore
670 2426 888 2522 receptionis
916 2432 975 2507 vel
999 2434 1222 2517 admissionis
1243 2438 1315 2523 sua.

276 2539 373 2622 inter
392 2546 463 2620 alia
484 2542 592 2641 ipsrus
614 2538 768 2618 rectene
793 2540 912 2619 nostre
936 2543 1066 2623 statuta
1090 2546 1232 2646 jurabit
1255 2558 1296 2636 ad

273 2656 396 2737 saneta
407 2658 477 2736 Dei
497 2657 711 2758 Ewangelia
728 2655 763 2732 se
787 2658 881 2735 velle
897 2656 1163 2742 inviolabiliter
1179 2671 1294 2753 obser..

275 2798 379 2851 vare.
428 2774 469 2853 In
492 2794 647 2870 quorum
674 2769 835 2849 omnium
861 2770 978 2849 robur
1001 2774 1293 2866 &testimonium

273 2891 430 2993 figillunr
448 2886 600 2997 Epeiefie
622 2888 740 2964 nostre
756 2886 874 2962 asinus
893 2912 965 2985 quo
986 2890 1126 2972 utirnur
1146 2903 1195 2976 ad
1212 2914 1302 2981 eon-s

271 3010 410 3089 trafiius
433 3031 504 3083 una
521 3029 602 3082 eum
618 3003 734 3106 figillo
757 3004 892 3103 prefati
912 3008 1061 3085 Domini
1085 3018 1198 3095 nosiri
1222 3018 1290 3115 Diii

271 3124 416 3203 Ottonis
429 3121 542 3198 utens
558 3119 770 3199 confirmati
782 3116 1007 3214 presentibus
1024 3126 1287 3233 estappensuns

268 3242 315 3319 Et
347 3258 412 3312 uos
440 3238 518 3309 Orto
544 3234 615 3309 Dei
641 3232 675 3307 u
700 3232 910 3325 Apostolice
938 3233 1029 3312 sedis
1050 3244 1171 3340 gratia
1199 3248 1288 3325 uiue

266 3350 465 3432 Mindensrs
482 3347 637 3426 Ecclesre
659 3346 805 3424 Eiefiius
822 3347 1065 3433 confirmatus
1091 3355 1128 3432 in
1151 3361 1287 3463 sgnum

252 3473 378 3552 nostri
396 3472 491 3570 pleni
504 3465 699 3546 Coni'ensus
710 3468 756 3542 ad
772 3464 940 3563 premissa
954 3472 1108 3573 figillutn
1129 3481 1286 3562 nostrum

265 3602 381 3693 majus
399 3616 471 3675 una
487 3613 569 3667 enrn
584 3589 680 3671 disin
697 3589 830 3667 rninori
847 3588 964 3690 sigillo
980 3592 1211 3689 presentibus
1222 3606 1286 3690 ¹du·

264 3701 383 3796 xinros
416 3713 707 3813 appendendum.
759 3711 896 3790 Datum
921 3712 1111 3791 &Asiunr
1140 3718 1178 3796 in
1206 3724 1285 3799 loeo
1328 3718 1333 3891 ἱ

263 3837 385 3913 nostro
404 3822 604 3929 Capituiari
625 3825 794 3905 consueto
820 3828 856 3901 in
879 3827 1049 3931 Generaii
1074 3834 1202 3911 nostro
1219 3838 1309 3914 Cas¹
1331 3894 1333 3951 5

262 3956 380 4052 pitulo
401 3951 511 4028 Anno
529 3972 550 4020 a
566 3946 766 4026 Nativitate
786 3944 858 4019 Diri
876 3941 1071 4059 ntslteurno
1088 3949 1285 4033 tricentos.

260 4095 322 4153 nso
339 4058 573 4167 ssorragessnro'
585 4066 739 4142 seeundo
752 4062 843 4137 feria
862 4057 1012 4137 sescunda
1026 4061 1194 4154 proxima
1208 4074 1286 4164 post

260 4187 392 4269 festum
410 4162 506 4265 beati
523 4184 660 4259 Anaua
675 4174 877 4279 Apostolici
891 4168 1052 4275 glorios.
1100 4179 1164 4265 (2
1179 4180 1283 4283 bec.)

964 4324 969 4335 ·
1044 4282 1233 4374 CXXVII.
1289 4370 1294 4379 .
