3125 4934
157 432 159 437 Ι
208 518 210 523 Α
278 486 280 505 .
321 444 430 541 Ῑ44”
568 528 576 547 ἱ
646 448 917 563 Q

267 637 449 725 cononici
466 632 511 711 de
534 654 683 712 earcere
706 638 745 714 in
774 630 909 738 pareto
935 643 1091 739 pecunie
1122 652 1296 749 expedire

199 856 202 865 Ι
266 759 303 835 ἃ
323 754 470 831 solvere
495 764 674 828 teneatur.
724 755 817 834 Item
845 759 998 836 cuilibet
1018 759 1288 853 eanonicorun

205 886 208 897 ’
268 878 306 954 in
332 875 428 951 dicia
451 872 573 949 nostra
596 842 751 951 Ecclesia
782 879 1011 977 emancipato
1044 883 1207 980 presenti
1232 882 1289 973 seu

265 990 375 1068 otiam
393 983 530 1064 absenti
553 986 615 1081 qui
643 990 801 1067 residere
818 990 1059 1088 personaliter
1071 994 1198 1075 solitus
1214 994 1289 1074 fue·

210 1202 215 1222 Ι
264 1105 316 1185 rit
333 1106 422 1177 duos
433 1098 878 1203 solidoslllindelegrlium
895 1108 1129 1188 denariorum
1145 1112 1288 1209 Episco·
1310 1178 1314 1189 .

202 1306 204 1311 ,
261 1243 312 1321 po
335 1215 518 1316 Prepofito
543 1215 579 1290 tic
602 1214 751 1293 Decano
772 1221 923 1297 cuilibet
940 1247 1067 1304 eorum
1084 1230 1213 1307 talium
1231 1234 1290 1308 de·
1313 1222 1321 1299 ’τ

264 1328 452 1418 uariorum
471 1332 651 1429 duplicem
670 1334 899 1434 portionem,
923 1343 1104 1420 canonicis
1129 1350 1289 1424 nondum

262 1449 496 1550 emancipatis
532 1448 683 1527 cuilibet
723 1473 836 1526 unum
877 1453 1029 1532 solidum
1073 1458 1290 1559 ¹vicariisque

262 1571 415 1652 Rectori
428 1566 614 1643 Scolarunr
624 1563 834 1643 Succentori
851 1567 986 1644 reiiori
1003 1571 1142 1649 fabrice
1156 1575 1288 1675 Rebio·

261 1692 364 1768 ribus
390 1679 612 1777 capellarum
635 1676 842 1758 aneorum
867 1684 1039 1770 Jooannis
1064 1686 1219 1785 Baptiiie
1232 1684 1286 1765 fo·

260 1800 372 1881 renfis
396 1796 431 1873 or
455 1792 591 1889 Georgii
609 1794 768 1871 toartiris
793 1797 1012 1900 Camerariis
1031 1799 1285 1903 campanariis

261 1915 391 1995 scolari
411 1906 547 2011 legenti
576 1907 741 2025 regulam
773 1907 808 1985 tir
833 1914 975 2012 regenti
1000 1934 1139 2015 organa
1159 1912 1198 1989 in
1218 1912 1284 1989 Ee·

250 2032 367 2165 sclefia
384 2028 505 2108 nostra
522 2016 714 2100 fimiliter
703 2039 816 2103 unum
837 2022 992 2105 solidum
1020 2050 1149 2107 eorum
1180 2016 1321 2117 οιιῑιὶο-Ι

260 2180 337 2256 bet.
386 2170 479 2246 Item
503 2157 726 2239 scholaribus
740 2156 1065 2240 Dormitoriolibus
1087 2161 1124 2236 tlt
1146 2162 1286 2237 Cbora

252 2290 360 2370 libus
380 2264 483 2362 simul
512 2277 603 2356 duos
632 2275 791 2375 solidos,
825 2295 994 2376 preterea
1025 2257 1285 2355 subcentori&

157 2480 160 2487 .
243 2398 355 2508 'Ma
333 2402 452 2480 cistro
457 2393 668 2472 Scholarum
679 2392 862 2473 occasione
878 2394 1056 2473 scolarum
1075 2414 1146 2491 pro
1160 2392 1321 2487 precio

259 2526 381 2603 eidem
398 2512 520 2590 debito
551 2490 700 2587 &solvi
715 2509 902 2591 consueto
906 2511 1056 2589 cuilibet
1077 2506 1137 2586 sex
1153 2506 1321 2587 solidos

262 2631 508 2723 Mindensrum
532 2628 776 2709 denariorum
826 2632 916 2708 Item
937 2628 1088 2707 cuilibet
1114 2623 1321 2707 Duorum

238 2796 241 2805 ·
263 2753 561 2842 camerariorum
581 2770 691 2825 unam
717 2773 878 2828 marcam
908 2749 1149 2829 denariorum
1183 2746 1280 2825 Min·
1314 2824 1321 2841 ,

265 2868 426 2953 densium
459 2859 519 2938 vel
551 2854 687 2955 septem
719 2862 822 2938 ulnas
847 2862 957 2958 panni
983 2862 1129 2961 equalis'
1147 2858 1281 2941 valoris

262 2995 311 3069 ud
334 2985 452 3063 minus
478 2977 575 3076 quod
598 2992 671 3054 tam
692 2974 774 3075 ipsis
799 2977 1015 3078 camerariis
1031 2978 1128 3057 ¹dari·
1147 2977 1281 3077 poterit

262 3106 459 3191 secundum
482 3098 702 3174 honestatem
719 3097 754 3172 or
770 3100 979 3196 qualitatem
992 3097 1148 3198 persone
1162 3121 1280 3176 ernon·

266 3219 425 3326 cipateli
444 3212 605 3291 voluerit
627 3231 696 3308 pro
713 3208 774 3285 sue
790 3211 896 3287 libitu
912 3210 1122 3288 voluntatis.
1192 3211 1279 3306 Item

267 3332 467 3427 scolaribus
484 3326 691 3408 choralibus
711 3328 748 3403 in
766 3326 996 3405 Dormitorio
1016 3326 1211 3403 duodecim
1227 3321 1278 3403 so·

266 3467 360 3548 lidos
382 3452 615 3531 denariorum
624 3445 867 3522 Mindenfium
884 3443 1111 3524 ministrabit.
1162 3444 1279 3520 Prete-

261 3586 327 3659 'rea
367 3568 559 3650 servicium
591 3561 689 3658 quod
719 3561 888 3656 capitulo
911 3557 1057 3657 lingulis
1091 3556 1277 3637 canonicis

260 3691 411 3794 prelatis
428 3672 936 3772 &vicariisemancipationis
952 3688 1119 3767 tempore
1136 3668 1175 3745 io
1194 3692 1278 3769 pro·

261 3804 452 3889 curatione
488 3791 725 3893 expensarum
749 3787 913 3866 fassurus
950 3789 1000 3863 est
1026 3787 1150 3861 taliter
1178 3783 1319 3879 duxi·
1314 3842 1320 3957 Ι

258 3924 342 4010 'mus
366 3918 628 4009 moderandum
654 3907 830 3984 videlicet
847 3906 944 4003 quod
965 3906 1060 3980 idem
1077 3903 1320 3995 canonicus

262 4060 347 4114 cum
372 4032 435 4108 sua
460 4023 614 4103 familia
624 4010 839 4108 Camerariis
867 4031 944 4087 tum
970 4011 1005 4085 lb
1030 4008 1280 4109 campanariis

255 4154 304 4281 in
327 4141 559 4231 claulboseu
580 4131 777 4292 refeslorio
802 4126 838 4206 se
852 4127 1067 4231 procurabit
1083 4128 1286 4226 seruicia,

1098 4322 1104 4330 .
1171 4268 1243 4324 nec
